3009 5000
1453 384 1546 450 «14

407 584 738 663 tamquam
777 583 1090 665 opposito
1127 582 1296 649 inter
1337 599 1406 649 se
1448 585 1803 666 cogitamus
1845 582 2116 650 hiemem
2160 586 2231 650 et
2266 585 2599 664 aestatem,

407 705 520 754 ver
565 695 632 756 et
677 688 1072 769 autumniim,
1131 704 1403 773 quorum
1446 711 1565 776 por
1605 712 1715 774 quo
1756 692 2117 774 composita·
2142 691 2340 761 habes
2374 691 2489 759 ina
2533 691 2595 758 d.

406 796 468 863 b.
509 797 602 864 IV
645 800 757 881 28,
816 801 872 867 1.
917 800 999 867 di.
1043 797 1132 868 IV
1174 801 1275 881 27,
1330 803 1388 866 2.
1431 819 1494 866 ιι.
1541 820 1600 883 q.
1642 799 1742 865 III
1786 801 1883 880 11,
1929 802 1989 866 6.
2054 799 2305 882 plurali.
2333 816 2595 870 numero

405 904 467 972 d.
511 907 572 972 b.
611 907 742 974 VII
785 910 886 990 31,
931 911 990 976 4.-
1035 908 1117 974 di.
1163 910 1253 977 VI
1300 913 1396 992 18,
1441 915 1500 976 2.
1549 929 1613 977 n.
1650 927 1713 993 q.
1758 910 1823 975 II
1869 911 1971 989 11,
2018 912 2087 992 2;
2132 911 2293 977 hacc
2334 911 2392 976 (1.
2425 909 2483 978 b.
2502 909 2593 978 IV

404 1017 507 1098 28,
551 1017 608 1082 1.
669 1035 733 1082 n.
771 1033 831 1102 q.
876 1019 975 1085 III
1023 1020 1119 1099 16,
1165 1021 1223 1086 3.
1329 1019 1420 1086 Ut
1477 1019 1704 1086 harum
1754 1035 1979 1086 vocum
2030 1038 2146 1101 per
2186 1029 2245 1086 ct
2276 1020 2379 1086 vol
2420 1030 2595 1102 atque

401 1125 610 1192 thetae
675 1127 1144 1210 compositionis
1207 1115 1567 1210 exemplam
1618 1127 1861 1195 frustra
1902 1147 2200 1210 quaeres,
2232 1173 2235 1178 -
2264 1129 2353 1196 sic
2400 1131 2591 1198 ctiam

401 1234 736 1300 verborum
793 1243 990 1302 oriens
1035 1241 1104 1302 et
1155 1243 1422 1304 occidens
1435 1287 1452 1316 ,
1516 1255 1681 1318 quae
1723 1256 1838 1321 per
1880 1261 1991 1318 que
2030 1244 2447 1306 conseruntur
2489 1256 2588 1324 ep.

401 1342 504 1416 92,
545 1343 648 1409 32.
692 1342 774 1410 di.
819 1343 910 1410 VI
955 1345 1052 1426 18,
1096 1347 1156 1410 4.
1201 1346 1262 1412 (1.
1308 1346 1364 1412 b.
1413 1345 1535 1411 VII
1581 1348 1641 1427 3,
1686 1348 1749 1412 3.
1788 1365 1852 1413 n.
1901 1364 1959 1427 q.
1988 1347 2023 1412 I
2068 1347 2166 1425 17,
2212 1349 2272 1416 2.

603 1449 764 1519 Fere
825 1453 1059 1534 ubique
1093 1472 1207 1535 per
1247 1477 1361 1536 que
1399 1455 1733 1522 coniuncta
1774 1462 1925 1524 sunt
1958 1462 2187 1534 factum
2226 1461 2297 1524 et
2334 1465 2589 1526 dictum:
2682 1511 2701 1516 -

398 1563 458 1628 d.
501 1561 579 1627 ei.
622 1562 654 1629 1
693 1564 756 1644 3,
799 1565 856 1627 2.
899 1561 962 1629 d.
1003 1563 1080 1629 οι.
1125 1563 1157 1628 1
1202 1564 1260 1644 8,
1310 1565 1366 1630 1.
1409 1563 1468 1630 d.
1512 1565 1591 1631 οι.
1635 1564 1699 1630 11
1742 1565 1801 1645 2,
1846 1567 1906 1632 2.
1952 1581 2049 1647 ep.
2092 1566 2193 1645 34,
2238 1567 2299 1632 4.
2341 1583 2442 1649 ep.
2483 1551 2587 1649 95‘,

397 1673 500 1738 45.
546 1671 630 1738 di.
673 1672 764 1739 VI
805 1673 868 1754 5,
908 1675 967 1738 ’2.
1007 1673 1090 1740 (11.
1131 1673 1258 1739 VII
1295 1675 1396 1752 20,
1429 1675 1506 1740 ,5.
1571 1673 1765 1740 dubia
1807 1678 1910 1740 est.
1945 1674 2133 1741 lectio
2174 1673 2259 1740 di.
2288 1674 2353 1740 Π
2397 1675 2495 1756 10,
2526 1677 2584 1755 2,

395 1795 513 1862 per
551 1803 623 1847 ac
667 1781 746 1848 di.
785 1780 842 1847 V
883 1783 1002 1864 36,
1053 1783 1112 1848 3.
1155 1781 1372 1862 di.:xl
1417 1784 1515 1860 18,
1558 1783 1617 1848 8.
1684 1801 1907 1850 novem
1947 1783 2101 1850 locis
2138 1789 2207 1849 di
2248 1789 2589 1850 ethomme-³

395 1887 457 1955 (1.
509 1889 572 1956 b.
630 1889 751 1956 VII
804 1891 872 1970 1,
930 1892 988 1955 7.
1057 1889 1120 1956 (ἰ.
1171 1892 1250 1956 cl.
1301 1890 1332 1956 1
1392 1893 1502 1972 13,
1560 1893 1624 1958 2..
1712 1909 1809 1974 ep.
1853 1891 1975 1970 -29,
2036 1893 2133 1958 12.
2208 1905 2304 1974 ep.
2355 1893 2466 1973 85,
2526 1893 2583 1960 1.

395 2015 493 2081 ep.
536 2000 636 2079 92,
682 1998 785 2063 27.
840 1999 1078 2081 (sp-95,
1123 2000 1224 2064 54.
1279 1999 1500 2092 di.111
1540 2000 1644 2085 21,
1688 2001 1741 2066 1.
1810 2001 1895 2066 di.
1935 1999 2061 2070 VII
2100 2001 2199 2082 27,
2248 2001 2303 2066 1.
2365 1999 2448 2066 di.
2490 1998 2584 2068 IX

397 2107 496 2190 11,
546 2108 645 2173 11.
728 2114 786 2173 Ιι.
831 2117 886 2173 et
916 2113 978 2173 a.
1020 2124 1083 2172 n.
1128 2124 1186 2190 q.
1233 2104 1288 2172 V
1334 2107 1432 2186 18,
1484 2108 1584 2173 10.
1670 2116 1731 2174 d.
1776 2118 1950 2189 atquo
1984 2115 2044 2174 h.
2088 2108 2173 2174 di.
2215 2107 2371 2174 VIII
2409 2109 2469 2188 4,
2519 2110 2577 2176 1.

391 2223 648 2284 limana
691 2227 750 2284 ct
787 2223 1013 2282 dimna:
1073 2217 1155 2282 di.
1201 2215 1300 2305 XI
1337 2218 1392 2295 1,
1439 2219 1497 2282 2.
1568 2217 1651 2282 di.
1675 2217 1799 2283 XII
1836 2219 1899 2298 9,
1939 2219 1999 2283 3.
2051 2236 2151 2298 ep.
2176 2217 2277 2297 74,
2318 2219 2419 2284 29.
2480 2235 2578 2300 ep.

393 2327 494 2406 88,
540 2329 640 2392 33.
705 2343 804 2409 ep.
847 2327 953 2408 89,
999 2324 1056 2391 5.
1113 2343 1211 2409 ep.
1251 2327 1354 2408 90,
1397 2328 1456 2392 3.
1511 2345 1607 2410 ep.
1655 2328 1795 2408 102,
1840 2329 1941 2392 22.
1996 2345 2095 2410 ep.
2138 2327 2277 2407 104,
2322 2327 2424 2392 22.
2484 2343 2579 2408 ep.

393 2435 532 2513 110,
579 2434 636 2501 8.
683 2450 782 2514 ep.
823 2434 884 2516 8,
925 2435 970 2499 6
1008 2431 1272 2519 (simul),
1344 2439 1402 2501 h.
1445 2443 1502 2500 ct
1542 2440 1600 2501 d.
1646 2434 1747 2501 bis
1784 2452 1883 2517 ep.
1930 2435 2028 2513 89,
2074 2435 2133 2501 5.
2194 2441 2254 2501 1».
2282 2457 2353 2503 ac
2392 2440 2450 2503 d.
2478 2453 2580 2517 ep.

388 2544 491 2623 31,
537 2545 596 2609 8.
636 2543 720 2609 di.
763 2543 798 2608 1
837 2545 906 2625 5,
941 2544 980 2608 8
1023 2523 1342 2627 (pariter),
1383 2552 1563 2624 atque
1602 2561 1699 2625 ep.
1744 2544 1843 2622 68,
1890 2546 1949 2609 2.
1993 2562 2091 2625 ep.
2134 2544 2235 2623 95,
2278 2544 2381 2609 52.
2426 2544 2486 2611 d.
2516 2543 2575 2613 b.

387 2652 480 2719 VI
521 2654 623 2733 31,
670 2654 766 2719 11.
856 2652 1078 2721 Multis
1143 2652 1394 2734 quidem
1459 2654 1614 2719 locis
1668 2658 1861 2718 malm
1910 2658 1977 2717 et
2014 2658 2199 2719 bonus
2240 2670 2366 2721 una
2407 2670 2594 2719 com--

386 2761 680 2845 plexione
735 2766 1086 2844 ponuntur,
1149 2762 1379 2829 ceteris
1415 2766 1633 2827 tamen
1676 2760 2005 2843 particulis
2048 2761 2247 2827 multo
2290 2762 2577 2843 superior

387 2875 488 2939 est
527 2894 655 2952 que.
739 2891 951 2951 corpus
991 2878 1279 2952 αηὲιηαεᾳ.
1313 2890 1409 2953 ep.
1439 2873 1540 2951 66,
1586 2873 1688 2937 46.
1730 2890 1829 2954 ep.
1864 2871 2005 2951 117,
2052 2871 2145 2936 19.
2194 2869 2278 2935 di.
2298 2870 2399 2936 III
2430 2871 2489 2950 6,
2516 2872 2571 2935 1.

384 2988 614 3049 anime
655 2986 980 3061 corporisq,
1021 2998 1120 3063 sp.
1167 2981 1267 3060 30,
1317 2982 1442 3072 14.ι
1491 3003 1541 3047 c.
1585 2990 1640 3046 et
1676 3004 1735 3046 a.
1780 2998 1877 3062 ep.
1925 2980 2025 3060 66,
2062 2980 2164 3046 46.
2209 2980 2291 3045 di.
2333 2980 2425 3046 IV
2466 2980 2567 3060 25,

383 3090 423 3154 2
465 3089 730 3172 (simul).
793 3110 840 3155 c.
880 3098 1052 3169 acque
1093 3112 1150 3155 α.
1193 3108 1291 3171 ep.
1335 3090 1434 3168 84,
1481 3090 1581 3154 11.
1642 3098 1923 3168 parentes
1942 3094 2173 3169 biber-iq,
2198 3086 2281 3155 di.
2302 3086 2394 3156 IV
2416 3088 2476 3169 9,
2510 3089 2570 3153 3.

382 3193 446 3261 id
485 3202 587 3263 est
624 3205 830 3276 patres
864 3201 1034 3277 fiuiq,
1049 3246 1064 3273 ,
1119 3196 1268 3279 quia
1316 3196 1382 3262 hi
1437 3198 1641 3265 solum
1684 3197 1749 3261 in
1790 3197 2040 3263 diversa
2082 3200 2299 3263 castra
2328 3194 2572 3279 digredi

379 3306 662 3385 possunt.
748 3302 1120 3388 Eodemque
1166 3305 1352 3371 modo
1393 3310 1571 3371 liberi
1607 3322 1723 3386 pro
1763 3312 1879 3371 filii
1916 3303 2155 3371 dictum
2201 3309 2356 3387 puto
2393 3304 2475 3370 di.
2508 3303 2570 3371 .V

379 3414 482 3496 33,
529 3415 562 3479 1
607 3414 878 3494 pecunia
913 3423 1119 3493 patres
1159 3418 1428 3493 libero-eq.
1461 3421 1781 3493 commit,
1822 3432 1971 3480 nam
1997 3412 2187 3480 aliter
2208 3412 2569 3496 accipiendo

346 3518 746 3604 infringitur
810 3520 907 3587 vis
971 3520 1404 3605 oppositionis.
1520 3520 1759 3589 Contra
1814 3532 2096 3605 parentes
2158 3546 2231 3605 ac
2279 3528 2452 3589 libero·
2502 3525 2569 3589 et

375 3627 564 3695 solito
603 3628 863 3712 quidem
906 3648 1096 3697 sensu
1138 3630 1374 3714 legitur
1411 3632 1474 3698 d..
1521 3631 1580 3698 b.
1625 3632 1723 3697 III
1764 3634 1867 3714 36,
1909 3634 1969 3714 2,

579 3738 822 3805 Eadem
867 3739 1277 3823 coniungendi
1323 3739 1486 3807 ratio
1531 3740 1616 3806 ibi
1659 3742 1851 3808 etiam
1880 3741 2261 3823 conspicitur
2292 3738 2397 3807 ubi
2426 3755 2566 3821 pro-

371 3836 614 3915 nomen
634 3849 984 3931 pronomini
1029 3848 1134 3914 vel
1173 3846 1284 3915 aiii
1321 3847 1573 3915 cuidam
1614 3848 1850 3915 nomini
1878 3848 2233 3932 opponitur.
2304 3846 2404 3914 Sic
2426 3852 2561 3917 ost:

371 3964 526 4025 alios
565 3967 676 4039 τος.
721 3956 802 4023 di.
849 3957 936 4023 VI
982 3958 1060 4023 17
1133 3958 1190 4023 1.
1273 3978 1340 4024 sc
1378 3964 1585 4039 aliosq.
1630 3958 1713 4024 di.
1756 3957 1849 4023 IX
1896 3958 1993 4038 12,
2038 3960 2095 4023 4.
2139 3957 2223 4023 di.
2266 3957 2327 4022 X
2374 3958 2471 4039 14,
2499 3958 2561 4023 3.

371 4090 544 4133 suum
599 4070 910 4147 abimum.
975 4084 1074 4149 q).
1137 4066 1252 4151 83,
1319 4068 1415 4133 16.
1503 4076 1747 4133 eoetema
1800 4088 1967 4147 mcaq.
2025 4067 2084 4133 d.
2127 4065 2204 4134 cl.
2247 4066 2280 4131 Ι
2323 4066 2439 4145 26,
2500 4068 2559 4134 4.

370 4180 468 4241 sui
505 4184 816 4256 natm-aeq.
858 4182 1108 4258 comitio
1149 4192 1248 4257 ep.
1292 4176 1393 4260 82,
1438 4176 1500 4240 6.
1565 4182 1687 4241 sibi
1726 4184 1906 4255 atque·
1944 4181 2123 4241 alteri
2161 4175 2261 4241 di..
2290 4174 2469 4253 V42,
2496 4176 2561 4241 2.

579 4282 724 4349 Non
787 4284 1100 4365 oppositio
1163 4282 1274 4349 sed
1341 4283 1731 4365 comparatio
1772 4281 1947 4349 facta
1986 4286 2107 4351 est.
2126 4282 2393 4363 ideoque
2434 4298 2557 4349 non

369 4412 488 4471 que
519 4391 633 4458 sed
671 4416 742 4459 ac
781 4393 1061 4476 positum
1104 4410 1200 4474 ep.
1245 4392 1350 4471 90,
1391 4392 1476 4455 40
1521 4414 1642 4471 par·
1680 4398 2097 4458 eratalten'us
2138 4416 2209 4459 ac
2250 4399 2347 4459 sui
2388 4416 2555 4470 cura,
