3009 5000
1460 422 1557 496 60..

413 631 562 698 ditis
579 682 594 710 ‚
660 633 724 697 in
785 631 1012 714 quibus
1084 623 1379 711 frequens
1448 627 1617 711 apud
1683 626 1981 708 Senecam
2058 627 2233 720 haec·
2282 624 2599 723 copulatio

409 743 560 820 est,'
598 758 747 806 rara
811 758 925 823 per
989 764 1080 816 ao,
1145 737 1318 805 nulla
1381 755 1494 821 per
1556 747 1759 818 (κίρκῳ
1822 729 1970 802 nam
2032 737 2092 802 d.
2153 736 2215 804 b.
2277 737 2391 832 IV.
2418 737 2517 815 12,
2558 735 2599 800 3

407 849 517 931 qui
576 846 916 915 Nazariani
988 848 1316 914 lectionem
1369 855 1541 927 atque
1598 844 1980 924 defenderet,
2049 861 2233 911 nemo
2307 845 2601 911 inventus

407 961 524 1023 est.
651 953 798 1024 Sine
881 956 1067 1022 dnbio
1148 962 1559 1021 Tusculanum
1655 978 1694 1018 a
1708 964 1791 1019 ut
1864 959 2239 1020 Tiburtinum
2328 953 2602 1020 scribenss

407 1065 558 1130 dum
599 1070 715 1130 est.
803 1064 1032 1132 Cetera
1073 1083 1223 1130 vero
1253 1063 1340 1129 ibi
1381 1064 1649 1129 multam
1689 1066 1945 1128 movent
1985 1062 2461 1142 dubitationem,
2520 1053 2604 1127 de

403 1175 631 1258 quibus
676 1175 828 1255 quid
870 1174 1220 1241 iudicemus
1267 1193 1408 1240 cum
1464 1175 1910 1257 disputationis
1963 1193 2151 1241 cursu
2190 1174 2255 1238 in
2295 1174 2463 1240 hunc
2506 1173 2596 1240 lo·

404 1302 545 1349 cum
591 1283 784 1350 delati
825 1284 1042 1360 simus,
1074 1283 1266 1348 liceat
1292 1281 1595 1364 proferre.
1683 1283 1883 1350 Docet
1910 1283 2109 1366 igitur
2136 1281 2370 1348 Seneca
2410 1282 2597 1348 bene-

403 1390 544 1457 ficia
587 1384 799 1457 danda
840 1408 982 1458 esse
1004 1396 1244 1457 remoto
1289 1390 1582 1457 utilitatis
1602 1396 1912 1474 respectu,
1957 1392 2107 1473 quin
2151 1391 2345 1467 etiam
2365 1390 2601 1455 damna

403 1519 476 1566 ac
517 1499 796 1582 pericula
841 1501 1186 1580 subeunda,
1231 1497 1306 1566 ut
1348 1498 1647 1567 beneficia
1690 1501 1842 1567 dare
1884 1501 2212 1582 possimus.
2296 1497 2456 1564 Tum
2503 1501 2597 1566 ita

400 1609 806 1693 progreditur
841 1617 1027 1676 Nemo
1076 1616 1469 1676 Tusculanum
1522 1621 1625 1676 aut
1683 1617 2057 1676 Tiburtinum
2114 1611 2446 1690 paraturus
2502 1631 2600 1674 sa·

402 1703 701 1785 labritatas
743 1742 921 1785 causa
957 1728 1014 1784 et
1051 1727 1261 1785 aestivi
1299 1741 1574 1795 secessu-5,
1618 1729 1791 1799 quoto
1833 1742 1987 1784 anno
2014 1728 2317 1798 empturus
2355 1725 2436 1783 sit
2478 1723 2599 1783 dis-

391 1838 600 1908 putan
643 1852 774 1894 cwm
815 1835 928 1893 erit
961 1834 1236 1893 tuendwm
1291 1819 1398 1894 estss
1503 1827 1601 1894 De
1664 1827 1871 1894 verbis
1933 1837 2104 1908 quoto
2170 1850 2323 1892 anno
2384 1843 2599 1892 veram

403 1937 783 2004 sententiam
823 1937 1162 2020 protulisse
1205 1937 1454 2003 videtur
1483 1935 1797 2002 Gertzius.
1897 1935 2233 2002 Postrema
2277 1951 2426 2001 vero
2470 1959 2601 2002 cum

401 2055 514 2112 erit
559 2052 836 2112 tuendum
877 2056 964 2112 est
1005 2045 1182 2111 nihili
1223 2063 1363 2112 esse
1402 2047 1670 2129 quisque
1717 2047 1902 2111 videt.
1990 2046 2124 2113 Nec
2166 2046 2376 2110 minus
2444 2062 2514 2109 re
2555 2062 2596 2107 a
2714 2029 2725 2052 ³

402 2156 622 2222 abesse
687 2156 1007 2236 volgatam
1069 2155 1396 2220 lectionem
1480 2179 1611 2220 cum
1662 2162 1893 2235 omn-it,
1946 2161 2223 2220 tuendam·
2286 2164 2371 2219 est
2430 2153 2594 2219 idem

403 2265 697 2331 Gertzius
738 2271 912 2330 recte
957 2264 1271 2344 iudicavit,
1317 2263 1427 2330 sed
1476 2281 1668 2344 quam
1706 2265 1840 2345 ipse
1887 2265 2130 2330 incerta
2168 2267 2242 2329 ut
2284 2261 2436 2328 dicit
2475 2261 2595 2326 ha-

402 2374 736 2440 riolatione
805 2374 1096 2456 proponit
1161 2374 1664 2439 emendationem
1718 2382 1817 2439 oui
1876 2383 2075 2454 meret,
2132 2379 2203 2438 id
2250 2379 2595 2438 intuendmn

401 2492 487 2549 est
538 2482 789 2550 minime
851 2462 1063 2565 piacet
1126 2500 1240 2549 nec
1291 2480 1819 2571 quemadmodum
1882 2500 1959 2547 ea
2018 2480 2445 2565 intellegenda
2508 2479 2591 2546 sit

398 2592 516 2657 nisi
563 2593 672 2671 qui
714 2593 914 2673 ipsius
956 2590 1543 2673 interpretationem
1585 2590 1815 2672 legerit
1868 2590 2191 2656 divinabit.
2314 2590 2458 2657 Lux
2497 2589 2598 2656 his

399 2698 685 2783 adfulget
727 2720 808 2766 ex
848 2701 1177 2782 prioribus
1286 2701 1375 2767 Ut
1415 2701 1581 2767 enim
1643 2700 1705 2764 in
1771 2698 1993 2765 dandis
2058 2699 2379 2767 beneficiis
2442 2699 2596 2783 quid

399 2808 670 2875 reddant
711 2827 1015 2890 quaerere
1055 2828 1178 2876 non
1211 2810 1533 2888 debemus,
1576 2810 1664 2876 sic
1696 2810 1804 2890 qui
1835 2810 2166 2892 praedium
2201 2807 2599 2877 salubritatis

406 2922 471 2985 et
508 2936 792 2985 recessus
834 2936 1028 2986 causa
1071 2920 1225 2984 emit
1275 2919 1550 2984 reditum
1595 2918 1835 2998 praedii
1887 2936 2013 2984 non
2056 2925 2267 2998 curat3
2325 2919 2433 2984 sed
2480 2922 2599 3001 qui

398 3026 766 3093 beneficium
817 3027 934 3092 dat
987 3026 1142 3092 nihil
1204 3026 1378 3093 aliud
1429 3031 1614 3092 curat
1660 3044 1852 3108 quam
1912 3031 1986 3091 ut
2044 3025 2407 3093 beneficium
2462 3028 2592 3109 det,

402 3136 508 3216 qui
549 3135 875 3218 praedium
921 3137 1074 3202 emit
1119 3136 1316 3201 solam
1372 3135 1814 3202 salubritatem
1862 3140 1925 3201 et
1964 3151 2271 3201 recessum
2318 3138 2593 3219 respicit.

404 3247 614 3326 Atque
666 3242 813 3310 huic
854 3245 1202 3310 sententiae
1263 3245 1590 3310 inventum
1658 3249 1945 3310 nostrum
1985 3245 2104 3310 hoc
2145 3268 2253 3311 cur
2310 3256 2462 3311 emat
2500 3254 2595 3313 in-

402 3362 676 3421 tuendum
715 3363 800 3420 est
841 3359 1062 3437 aptum
1107 3358 1424 3434 putamus.
1531 3354 1663 3419 Nec
1725 3353 2083 3420 dubitarem
2126 3354 2376 3421 adicere
2427 3378 2591 3421 oure-

399 3467 586 3527 matin
639 3480 678 3527 a
720 3469 966 3527 amerit
1029 3461 1162 3527 fere
1207 3461 1362 3527 nihil
1415 3462 1540 3528 nisi
1591 3462 1991 3544 transpositis
2037 3461 2265 3527 litteris
2318 3460 2593 3542 differre,

401 3570 519 3636 nisi
561 3587 813 3637 vererer
853 3588 933 3636 ne
971 3572 1340 3637 arcessitum
1381 3570 1500 3636 hoc
1545 3576 1609 3637 ct
1645 3569 2052 3638 artificiosum
2091 3570 2429 3638 videretur.

602 3678 838 3745 Contra
901 3666 1073 3744 haud
1113 3679 1298 3744 dubie
1341 3688 1396 3744 et
1441 3696 1557 3760 pro
1614 3689 1738 3756 aut,
1782 3679 1950 3759 quod
2002 3678 2264 3762 praebet
2310 3678 2387 3760 N,
2432 3681 2589 3747 scri-

406 3787 678 3853 bendum
722 3794 819 3854 est
863 3788 921 3853 d.
963 3788 1024 3854 b.
1054 3788 1143 3853 VI
1192 3790 1250 3868 6,
1301 3790 1333 3853 1
1379 3794 1508 3854 licet
1537 3794 1683 3865 mihi
1708 3796 1862 3853 inter
1904 3811 1966 3854 se
1992 3812 2351 3869 comparare,
2398 3813 2589 3869 quan-

401 3906 524 3961 tum
557 3896 858 3979 profuerit
895 3903 1041 3963 mihi
1081 3904 1324 3977 quisque
1380 3907 1436 3963 et
1478 3906 1761 3977 quantum
1799 3904 2080 3977 nocuerit,
2147 3915 2289 3964 cum
2334 3916 2588 3981 compa-

401 4009 621 4070 rentur
664 4004 828 4071 inter
871 4023 940 4071 se
985 4023 1114 4073 una
1154 4014 1210 4071 et
1250 4006 1454 4072 altera
1493 4024 1613 4072 res.
1715 4004 2008 4071 Gertzius
2048 4006 2130 4071 ad
2173 4006 2336 4073 hunc
2377 4007 2583 4075 locum

398 4113 416 4137 ‘
433 4120 636 4181 malim
678 4106 778 4181 οῖ’.
