3009 5000
1516 389 1600 456 64

377 625 386 634 ·
435 568 776 666 attendas,
859 587 1064 667 ipsum
1128 584 1480 666 sapientem
1542 599 1727 650 voces
1792 581 2251 650 adsectatorem
2285 576 2653 662 [sapientiae

467 713 660 777 quam
702 693 1137 776 imperfectum
1182 691 1388 758 adhuc
1433 696 1496 756 et
1538 690 1901 758 discentem.
1986 689 2221 756 Contra
2266 687 2369 768 qui
2416 686 2654 769 aliquid

466 803 714 872 efficere
757 805 858 868 vel
894 803 1012 870 sibi
1041 820 1268 883 parare
1308 805 1589 881 conatur,
1636 799 1987 866 adfectator
2024 802 2197 864 recte
2239 796 2503 876 dicetur,
2550 814 2654 862 ve-

465 915 565 980 lut
606 914 776 994 apud
820 911 1274 989 Quintilianum
1319 915 1647 988 adfectator
1687 917 1857 988 requi
1887 907 1944 971 V
1977 908 2072 987 13,
2118 908 2218 972 24.
2261 911 2651 983 adfectatores

463 1030 753 1090 ubertatis
792 1021 879 1086 VI
916 1023 974 1102 2,
1009 1021 1106 1084 16.
1150 1027 1312 1086 risus
1359 1024 1687 1097 adfectator
1730 1018 1819 1083 VI
1865 1019 1924 1103 3,
1968 1019 2026 1082 3.
2112 1016 2333 1082 Nescio
2376 1032 2528 1098 ergo
2572 1033 2653 1079 an

468 1150 566 1215 ep.
611 1131 690 1195 65
737 1147 986 1212 quoque
1030 1127 1426 1194 scribendum
1473 1127 1561 1192 sit
1601 1131 2037 1206 adsectatorque
2076 1132 2417 1204 sapientiae.

671 1238 791 1304 Sed
857 1238 1188 1305 redeamus
1250 1237 1332 1302 ad
1383 1236 1797 1319 propositum.
1884 1233 2213 1301 Interdum
2272 1252 2375 1300 res
2436 1232 2655 1312 aliqua

467 1352 996 1413 commemoratur
1057 1348 1124 1412 et
1185 1345 1410 1411 deinde
1471 1363 1744 1426 persona
1807 1343 1907 1408 cui
1970 1343 2203 1425 aliquid
2247 1341 2513 1408 rationis
2555 1346 2656 1408 est

375 1474 379 1478 ·
467 1474 606 1523 cum
647 1457 757 1521 illa
797 1473 885 1534 re,
930 1460 1004 1520 ut

608 1581 755 1620 anno
814 1563 1186 1634 temerantiq.
1221 1579 1428 1618 annum
1474 1562 1570 1619 deo
1619 1579 1705 1633 ep.
1746 1561 1834 1631 73,
1856 1563 1906 1616 6.
1976 1563 2213 1618 mundus
2246 1562 2482 1634 fractorq.
2529 1561 2653 1617 uni-

605 1662 750 1717 versi
785 1661 913 1716 deas
949 1660 1022 1714 di.
1059 1659 1164 1715 VII
1197 1662 1248 1730 8,
1285 1661 1336 1714 4.
1411 1659 1627 1724 ‚virtuti
1662 1659 1961 1729 studiosoq.
2002 1659 2227 1715 virtutis
2275 1659 2351 1714 di.
2394 1658 2474 1713 IX
2508 1659 2561 1729 4,
2603 1661 2651 1714 1.

605 1757 927 1812 medicinam
959 1756 1189 1826 ipsumq.
1227 1755 1519 1810 medentem
1557 1753 1610 1808 d.
1647 1755 1715 1811 cl.
1760 1754 1785 1807 I
1823 1757 1907 1825 17,
1946 1756 1993 1810 1.
2082 1755 2303 1812 inventa
2348 1755 2657 1826 sapientiae

606 1855 960 1922 inventore-sq.
999 1869 1084 1922 ep.
1123 1853 1210 1921 64,
1246 1853 1295 1906 7.
2176 1901 2179 1904 ,

673 1953 829 2016 Rem
883 1949 1107 2015 deinde
1158 1951 1444 2030 sequitur
1486 1949 1724 2014 mentio
1776 1967 1989 2015 rerum
2034 1950 2117 2016 ad
2160 1967 2301 2016 eam
2339 1949 2651 2031 pertinen·

471 2062 628 2127 tium
670 2059 843 2126 hisce
883 2058 1072 2124 locis:
1894 2135 1905 2140 ν

607 2170 840 2224 virtutes
875 2183 1060 2236 ususq.
1095 2166 1360 2222 vio-tutum
1396 2184 1482 2237 ep.
1521 2168 1610 2235 95,
1646 2167 1731 2221 58.
1839 2181 1868 2220 e
1906 2171 2055 2221 terra
2089 2167 2367 2236 terrenisq.
2404 2167 2656 2232 omnibus

597 2280 738 2336 pars
773 2263 1002 2318 humida
1037 2262 1257 2331 efflatur
1293 2279 1346 2316 n.
1383 2279 1436 2330 q.
1463 2262 1516 2316 II
1554 2263 1640 2330 54,
1676 2264 1722 2316 1.
1792 2261 2041 2332 corporis
2065 2277 2297 2331 rev-amq.
2335 2277 2532 2330 corpus
2556 2261 2654 2317 ad-

601 2359 900 2428 ficientium
934 2358 1172 2414 varietas
1207 2358 1282 2413 di.
1324 2357 1425 2412 vu
1468 2360 1555 2428 15,
1592 2361 1641 2412 4.
1714 2359 1982 2413 levitatem
2018 2373 2178 2413 casus
2200 2373 2430 2427 rerumq.
2467 2373 2653 2412 casum

607 2455 948 2527 sequentium,
986 2472 1072 2526 ep.
1110 2456 1180 2511 98
1216 2456 1268 2510 4.
1337 2455 1583 2526 eorporis
1637 2453 1725 2509 sui
1756 2454 2199 2526 pertinentium.
2238 2453 2314 2510 ad
2340 2454 2403 2509 id
2434 2454 2658 2547 curiosa

604 2569 716 2609 non
752 2553 920 2609 anxie
954 2551 1166 2623 (mens).
1241 2552 1453 2620 Quibus
1490 2554 1629 2607 locis
1666 2553 1883 2607 accedit
1920 2570 1975 2607 n.
2014 2570 2066 2622 q.
2103 2551 2130 2605 Ι
2163 2554 2215 2623 2,
2253 2555 2302 2608 ’1.

674 2650 906 2733 Agitur
968 2652 1053 2717 ibi
1109 2652 1187 2718 de
1255 2653 1497 2718 coronis
1558 2670 1719 2743 quae
1784 2652 1948 2720 circa
2010 2652 2216 2719 sidera
2279 2651 2655 2719 formantur.

465 2759 674 2843 Atque
721 2760 789 2826 in
841 2761 1216 2843 explicanda
1264 2779 1456 2828 causa
1512 2780 1624 2826 cur
1680 2761 1939 2828 turbato
1992 2780 2137 2828 aere
2178 2781 2304 2849 non
2345 2762 2648 2841 oriantur,

465 2870 656 2935 simili
726 2869 1000 2949 quodam
1069 2870 1271 2935 utitur
1335 2872 1622 2953 scriptor.
1738 2870 2078 2952 Lapidibus
2150 2872 2315 2937 enim
2378 2871 2528 2937 dicit
2585 2870 2655 2935 in

465 2996 697 3061 aquam
734 2983 1010 3045 stantem
1055 2982 1119 3042 et
1161 2977 1442 3045 clausam
1483 2979 1759 3047 inmissis
1799 2981 2063 3047 circulos
2110 2980 2278 3046 nasci
2296 3030 2312 3061 ‚
2368 2979 2473 3045 ubi
2503 2997 2653 3045 vero

470 3092 687 3153 currat
729 3105 896 3168 aqua
937 3089 1004 3153 et
1045 3087 1106 3151 in
1149 3084 1304 3168 fuga
1346 3088 1450 3153 sit·
1470 3087 1828 3155 disturbari.
1916 3087 2077 3154 Tum
2122 3092 2213 3155 ita
2250 3090 2459 3171 pergit
2498 3094 2654 3155 idem

465 3218 603 3277 erqo
625 3203 693 3261 in
733 3218 868 3261 aere
910 3204 1114 3273 evenit,
1155 3206 1221 3261 at
1258 3202 1359 3262 ille
1400 3204 1500 3278 qui
1535 3209 1746 3279 manet,
1784 3204 1975 3278 possit
2000 3204 2287 3280 fiyurari3
2334 3204 2525 3265 atille
2552 3182 2657 3279 qui

464 3311 708 3385 rapitur
769 3314 824 3369 et
885 3312 1097 3383 currit,
1173 3329 1292 3372 non
1353 3313 1461 3372 dat
1521 3313 1617 3372 sai
1675 3313 2014 3385 facultatem
2078 3317 2133 3373 et
2194 3330 2417 3373 onmem
2476 3314 2655 3373 ictum

465 3421 891 3493 venientemque
926 3419 1182 3491 formam
1223 3422 1513 3481 ewturbat.
1600 3415 1697 3481 Sic
1740 3416 1991 3498 quidem
2032 3436 2066 3482 e
2108 3416 2317 3483 codice
2359 3416 2411 3481 B
2456 3416 2655 3481 edidit

466 3521 818 3590 Fickertus.
905 3525 992 3588 At
1043 3524 1232 3604 plura
1295 3527 1446 3607 sunt
1484 3542 1647 3605 quae
1690 3526 1756 3590 in
1798 3525 1918 3592 hac
1961 3527 2275 3607 scriptura
2317 3524 2653 3592 offendant.

468 3630 632 3695 Nam
671 3632 946 3715 primum
990 3632 1240 3713 quidem
1273 3632 1464 3697 verba
1505 3642 1931 3715 venientemque
1968 3640 2240 3714 formam,
2281 3654 2407 3701 non
2436 3634 2653 3701 addito

467 3740 634 3805 unde
673 3732 886 3805 v'eniat
955 3740 1064 3805 illa
1132 3740 1353 3822 forma,
1423 3742 1769 3823 displicent.
1856 3744 2019 3810 Tum
2082 3763 2205 3811 vox
2247 3751 2522 3811 eatan-bat
2561 3745 2652 3811 rei

467 3862 694 3927 parum
749 3851 904 3928 apta
943 3846 1224 3929 videtur3
1281 3848 1523 3915 accedit
1565 3850 1733 3929 quod
1776 3868 1898 3915 non
1939 3850 2277 3917 verisimile
2318 3856 2418 3918 est
2457 3854 2650 3933 scrip-

468 3958 689 4035 torem,
736 3954 1068 4021 verborum
1128 3955 1382 4023 minime
1439 3958 1709 4039 inopem,
1753 3963 1884 4024 tam
1936 3960 2163 4041 exiguo
2206 3960 2416 4041 spatio
2457 3961 2652 4028 inter-

467 4062 656 4129 misso
694 4063 860 4128 idem
901 4065 1197 4130 turbandi
1221 4066 1481 4132 verbum
1523 4067 1842 4147 repetisse.
1904 4068 2113 4151 Atque
2155 4070 2289 4152 ipse
2318 4069 2653 4137 Fickertus

469 4172 738 4238 veritate
790 4171 976 4239 huius
1019 4173 1192 4240 verbi
1247 4172 1489 4241 diffisus
1532 4176 1857 4258 proposuit
1896 4180 1971 4241 ut
2016 4178 2392 4245 scriberetur
2435 4186 2654 4246 exstin-

464 4286 614 4363 quit,
655 4281 822 4363 quod
864 4282 1046 4349 nimis
1087 4283 1321 4350 recedit
1363 4303 1402 4350 a
1443 4284 1691 4351 traditis
1733 4284 1980 4366 litteris,
2012 4290 2078 4352 et
2120 4287 2184 4352 in
2226 4295 2481 4367 formam
2508 4294 2650 4356 tan·

469 4392 620 4469 tam,
663 4408 788 4457 non
829 4409 1030 4475 aeque
1074 4392 1138 4457 in
1179 4400 1356 4459 ictam
1383 4393 1676 4477 quadrat.
1761 4393 2153 4463 Adiuvamur
2180 4397 2645 4479 aliquantulum
