3009 5000
929 582 1474 666 SENTENTIAE
1538 573 2241 666 CONTROVERSAE.

701 849 754 916 1.
836 848 912 915 In
964 849 1360 915 recensendis
1413 849 1817 914 naturalibus
1879 849 2352 929 quaestionibus
2408 845 2681 913 Senecae

491 931 745 1011 plurimi
785 929 1110 1000 faciendus
1154 937 1254 999 est
1293 933 1489 1000 codex
1536 932 1957 1000 Berolinensis
2002 932 2153 1016 (E).-

697 1043 756 1106 2.
837 1039 1076 1108 Seneca
1117 1059 1214 1123 ep.
1259 1041 1360 1121 89,
1403 1044 1444 1106 4
1486 1043 1579 1108 ita
1618 1043 1867 1123 scripsit
1904 1048 2282 1122 Philosophia
2320 1047 2477 1108 unde
2519 1047 2680 1107 dvkta

490 1131 570 1192 sit
630 1131 910 1206 adparet.
942 1149 1068 1206 apso
1112 1134 1263 1192 enim
1301 1134 1529 1192 nomine
1568 1131 1793 1202 fatetur
1845 1134 2021 1206 quid
2060 1151 2169 1193 am
2186 1136 2265 1191 et.
2318 1131 2685 1206 Sapientiam

489 1217 576 1275 ita
615 1215 858 1290 quidam
893 1215 1196 1288 finiar-wat,
1233 1218 1300 1275 ut
1333 1207 1591 1274 dicerent
1618 1217 1949 1276 divinorum
1990 1221 2044 1276 et
2078 1217 2464 1276 hwnanorum
2492 1217 2675 1275 scien-

489 1301 650 1360 tiam.
737 1292 901 1375 (cod.
945 1293 996 1358 B
1041 1301 1283 1374 quidam
1324 1303 1379 1358 et
1417 1301 1768 1373 sapientiam
1800 1303 1888 1360 ita
1930 1295 2215 1374 quidam.)

575 1433 580 1446 ·
700 1404 756 1467 3.
839 1402 1002 1467 idem
1045 1421 1146 1484 ep.
1189 1403 1289 1481 94,
1336 1403 1393 1466 1.
1474 1403 1569 1468 ita
1611 1403 1947 1483 legendum
1988 1411 2283 1482 tamquam
2324 1409 2455 1482 qais
2474 1355 2676 1481 posset
2718 1417 2727 1430 ·

491 1493 565 1552 de
593 1496 772 1566 parte
811 1493 1082 1568 suade-re,
1123 1493 1244 1552 nisi
1290 1493 1393 1566 qui
1429 1509 1715 1553 summam
1748 1494 1925 1566 prius
1966 1494 2143 1552 totius
2175 1495 2329 1552 vitae
2354 1492 2679 1565 complexus

491 1580 698 1721 {affict-
785 1573 1036 1637 Ariston
1088 1571 1321 1636 Stoicc'cs
1378 1593 1410 1636 e
1471 1577 1771 1638 contrario
1819 1577 1971 1638 hanc
2024 1580 2257 1657 partem
2312 1575 2490 1636 levem
2530 1571 2683 1636 exis-

539 1812 560 1821 -
700 1764 761 1828 4.
847 1764 1014 1829 idem
1075 1768 1208 1830 nat.
1253 1759 1496 1844 quaest.
1548 1762 1643 1828 III
1686 1763 1781 1842 14,
1825 1764 1867 1827 3
1909 1762 2089 1830 nihili
2144 1766 2243 1830 est
2294 1771 2469 1830 vasta
2494 1769 2682 1828 maris

490 1853 556 1912 in
593 1853 812 1914 occulto
854 1855 978 1913 via
1016 1856 1158 1914 est.
1203 1847 1516 1913 scriba-tur
1555 1854 1681 1912 vis.

700 1956 758 2022 5.
842 1955 1037 2020 Falsa
1093 1958 1191 2022 est
1245 1955 1549 2038 Draegeri
1600 1955 1914 2022 sententia
1976 1957 2133 2022 duos
2190 1955 2679 2039 imperativosa

493 2039 790 2106 Romanis
832 2029 1200 2116 ασυνδὲτως
1241 2039 1531 2124 componi
1569 2058 1683 2122 pro
1726 2041 1949 2124 regula
1988 2042 2349 2108 statuentis.
2428 2061 2430 2063 ’

697 2149 755 2212 6.
843 2147 1205 2226 Quintilian.
1235 2149 1343 2215 IV
1391 2151 1447 2233 1,
1499 2151 1539 2214 8
1597 2148 1691 2214 ita
1752 2150 2088 2230 legendum
2150 2155 2441 2230 quaedam
2481 2156 2547 2214 in
2582 2155 2679 2214 his

495 2254 720 2312 quoque
781 2240 1198 2300 conmendatio
1263 2200 1476 2317 tacita',
1542 2240 1597 2298 si
1653 2256 1759 2299 nos
1806 2239 2099 2337 infirmos,
2158 2241 2553 2313 amperitos
2594 2233 2678 2314 (A

493 2321 736 2396 impar
749 2340 788 2381 a
803 2317 980 2398 tos),
1057 2323 1316 2397 anpares
1387 2284 1687 2398 abaciam
1748 2327 1953 2384 contra
2020 2324 2273 2397 vimentis
2338 2323 2676 2384 dilatet-mus.

497 2399 602 2481 (ef.
643 2399 734 2464 XI
779 2401 835 2479 1,
881 2367 1010 2484 213>

701 2510 759 2575 7.
843 2508 1023 2587 Quae
1085 2512 1384 2592 leguntur
1448 2510 1618 2591 apud
1684 2508 2047 2587 Quintilian.
2112 2508 2174 2575 ΙΙ
2230 2510 2339 2586 16,
2397 2510 2436 2575 5
2486 2508 2682 2574 verba

495 2592 654 2658 haec
703 2601 804 2673 qui
847 2599 1327 2673 philosophorum
1377 2602 1611 2661 nomme
1668 2600 1833 2660 male
1860 2604 2128 2671 utantur,
2170 2593 2261 2659 ita
2310 2592 2683 2675 corrigenda

497 2682 646 2743 sunt
685 2682 758 2744 ut
799 2678 1063 2745 eiciatur
1095 2684 1262 2745 male.

708 2787 766 2853 8.
853 2788 1226 2870 Apollonius
1269 2786 1549 2853 Rhodius
1589 2787 1681 2853 IV
1729 2756 1889 2853 1410
1935 2788 2025 2853 ita
2067 2788 2389 2871 scripsisse
2430 2786 2685 2853 videtur

495 2862 818 3037 ‘32:235
849 2892 994 2958 σφε
1045 2870 1653 2955 παρηγορέεσκε
1697 2870 2023 2959 λιτῇσιν
2072 2871 2177 2951 (cf.
2220 2870 2317 2937 III
2360 2872 2478 2937 741
2535 2864 2677 2957 τήν

703 3062 764 3127 9.
845 3061 987 3128 Non
1030 3069 1199 3130 recte
1241 3064 1549 3145 praecipit
1580 3064 1947 3147 Kruegerus
1988 3063 2242 3145 (griech.
2265 3060 2688 3146 Sprachlehre

496 3145 565 3212 II
599 3146 800 3227 51‚1,
848 3146 954 3227 12)
999 3146 1288 3215 reflexive
1331 3147 1684 3214 adhibitum
1717 3167 1855 3217 esse
1894 3170 2037 3231 μιν
2064 3149 2131 3213 111
2172 3146 2443 3214 formula
2470 3149 2687 3214 home-

491 3230 625 3296 rica
665 3236 770 3315 τῷ
810 3253 944 3312 μιν
988 3226 1481 3315 ἐεισάμενος.

705 3338 802 3403 10.
889 3334 1070 3435 eiy'og
1123 3340 1187 3404 in
1230 3340 1614 3407 carminibus
1636 3339 1983 3407 homericis
2020 3344 2123 3405 est
2162 3337 2367 3407 forma
2410 3340 2690 3407 Aristar·

491 3422 652 3488 chea
721 3472 736 3488 .
803 3424 1053 3504 scripsit
1135 3424 1288 3490 locis
1377 3424 1665 3491 omnibus
1750 3416 2107 3490 Zenodotus
2171 3418 2311 3489 ἑοῖο
2372 3425 2480 3505 (Λ
2554 3426 2685 3489 393

501 3507 558 3569 Ο
602 3506 720 3571 138
813 3508 1032 3571 Τ342
1113 3508 1176 3571 Ω
1217 3510 1340 3574 550
1415 3520 1421 3527 “
1508 3508 1573 3571 ,Ω
1614 3509 1737 3573 422
1830 3508 1871 3588 ξ
1908 3510 2031 3573 505
2112 3530 2151 3573 o
2194 3508 2361 3587 450).

707 3615 804 3680 11.
883 3614 1022 3680 Non
1082 3617 1289 3683 omisit
1343 3621 1568 3685 auctor
1623 3616 1818 3683 libelli
1858 3614 2017 3700 περὶ
2058 3608 2275 3700 ὕψους
2314 3620 2685 3684 accuratam

495 3694 856 3765 adfectuum
898 3700 1358 3767 tractationem.

705 3808 800 3872 12.
885 3806 1060 3873 Idem
1103 3808 1372 3889 scriptor
1411 3826 1555 3874 cum
1598 3812 1739 3875 octo
1781 3808 1931 3875 locis
1958 3830 2011 3895 φ
2029 3801 2203 3873 viaet
2231 3825 2365 3875 rem
2396 3808 2681 3889 aliquam

499 3891 904 3957 constitutam
949 3910 1086 3957 esse
1127 3892 1318 3977 dicat,
1359 3898 1476 3960 ter
1520 3886 1653 3992 φύ
1646 3914 1769 3958 σει
1810 3898 1933 3956 πᾷω
1956 3915 2019 3976 ς,
2086 3893 2392 3958 absonum
2444 3914 2683 3979 φυσι-

498 3975 851 4125 igngegcwg
893 3974 980 4058 (p.
1003 3978 1105 4059 58,
1147 3980 1186 4042 5
1225 3979 1322 4044 ed.
1365 3976 1587 4061 Jahn.)
1636 3978 1701 4043 in
1738 3971 2027 4065 φύσει
2066 3997 2263 4053 πως
2303 3978 2687 4043 mutandum

711 4167 808 4233 13.
893 4117 1220 4252 Inscriptio
1283 4169 1555 4235 laminae
1607 4170 1940 4254 plumbeae
1990 4188 2138 4237 osca
2176 4186 2379 4252 nuper
2422 4168 2687 4235 inventa

502 4267 653 4316 1111111
697 4252 781 4319 sit
822 4251 1070 4320 devotio
1120 4270 1244 4319 non
1284 4258 1454 4320 recte
1493 4253 1747 4329 dubitat
1791 4254 1998 4321 Breal.
