3009 5000
1461 422 1545 486 45

411 629 530 695 pro
573 623 630 679 te
670 614 921 695 scripsit
959 614 1294 697 Hauptius,
1335 587 1444 682 'hoo
1484 621 1700 683 tamen
1742 619 1902 683 utin
1931 624 2043 686 huc
2067 622 2349 688 mutetur
2373 639 2591 690 neces-

407 721 648 787 sarium
692 739 817 788 non
857 724 1122 790 videtur.

599 871 832 914 sursum
873 871 944 915 ac
985 857 1256 917 deorsum
1299 868 1395 931 ep.
1432 851 1535 932 96,
1578 852 1635 916 5.
1705 849 1792 917 di.
1820 851 1853 916 I
1896 854 1956 934 5,
2000 853 2060 918 9.
2122 853 2205 919 di.
2240 854 2327 918 [X
2358 857 2456 938 11,
2489 859 2587 924 12.

492 973 554 1022 ιι.
600 974 658 1038 q.
704 956 794 1022 VI
836 959 938 1037 21,
981 959 1040 1024 2.

600 1065 837 1140 sur-‘sum
876 1080 1147 1142 deorsam
1188 1093 1284 1156 ep,
1323 1077 1424 1156 44,
1469 1077 1538 1141 4.

595 1190 754 1248 ultro
796 1191 1054 1264 citroque
1096 1202 1193 1265 ep.
1237 1185 1334 1263 72,
1382 1183 1440 1250 7.
1501 1203 1564 1249 n.
1606 1202 1666 1265 q.
1710 1185 1800 1250 IV
1823 1189 1880 1266 2,
1925 1189 2026 1252 29.
2096 1207 2155 1254 n.
2178 1205 2239 1270 q.
2266 1188 2351 1254 Vl
2399 1192 2497 1276 13,
2526 1195 2583 1258 6.

598 1297 756 1358 ultro
797 1301 943 1358 citro
987 1292 1049 1358 d.
1089 1292 1146 1358 b.
1196 1293 1249 1362 V
1293 1294 1388 1373 11,
1439 1294 1494 1360 1.

596 1417 852 1482 Dictum
888 1421 987 1483 est
1015 1417 1094 1482 de
1121 1418 1552 1484 coniunctione
1580 1419 1848 1486 duorum
1876 1420 2331 1508 adverbiorum,
2374 1429 2587 1492 trans-

391 1525 760 1608 grediamur
814 1527 942 1592 iam
1002 1527 1081 1591 ad
1133 1544 1241 1593 eos
1296 1529 1469 1594 locos
1512 1530 1881 1598 tractandos
1924 1531 2029 1597 ubi
2075 1551 2273 1598 unum
2311 1537 2587 1600 occurrit

401 1634 788 1702 adverbium.

601 1769 770 1830 Adeo
823 1762 1022 1845 igitur
1071 1783 1214 1831 cum
1257 1788 1366 1844 que
1409 1764 1823 1846 compositum
1868 1766 2204 1833 identidem
2249 1769 2581 1850 reperitur.

392 1878 679 1954 Ideoque,
743 1873 912 1956 quod
978 1873 1150 1955 apud
1195 1872 1653 1950 Quintilianum
1720 1874 2066 1954 legitimum
2132 1894 2270 1942 esse
2312 1877 2580 1958 videtur,

393 1982 630 2065 quippe
691 1983 755 2046 in
805 1981 982 2048 libris
1021 1981 1081 2046 X
1125 1985 1189 2046 ct
1231 1981 1322 2046 XI
1367 1983 1448 2048 28
1490 1983 1645 2050 locis
1683 1990 1949 2064 ideoque,
1999 2003 2314 2066 nusquam
2357 1995 2412 2052 et
2456 1992 2585 2052 ideo

395 2096 512 2157 aut
573 2099 746 2172 atque
801 2098 931 2157 ideo
998 2092 1153 2175 legi3
1216 2091 1512 2172 frequens
1569 2092 1823 2175 quidem
1885 2101 1985 2159 est
2036 2095 2206 2177 apud
2257 2095 2586 2178 Senecam,

394 2199 790 2281 frequentius
827 2205 1041 2266 tamen
1085 2211 1139 2266 et
1179 2207 1331 2278 ideo,
1377 2200 1543 2280 quod
1588 2201 1791 2281 ipsum
1824 2203 2092 2283 exempli
2118 2205 2325 2286 gratia
2347 2205 2411 2269 in
2434 2223 2495 2268 n.
2520 2223 2579 2286 q.
2687 2252 2703 2276 ,

402 2309 479 2373 13
518 2309 692 2388 locis,
739 2314 960 2374 contra
1001 2315 1237 2390 ideoque
1285 2311 1321 2374 7
1351 2308 1501 2375 locis
1533 2309 1749 2376 habes.
1814 2311 1953 2377 Non
1981 2312 2211 2394 legitur
2239 2324 2411 2394 atque
2433 2320 2580 2391 ideo,

393 2416 590 2482 semel
655 2423 905 2483 tantum
973 2427 1145 2499 atque
1211 2425 1358 2484 adeo
1403 2417 1484 2482 di.
1528 2416 1621 2482 XI
1668 2420 1727 2499 2,
1768 2421 1807 2482 2
1864 2429 2035 2501 atque
2076 2427 2220 2486 adeo
2260 2428 2387 2502 ipse
2428 2428 2581 2488 hanc

392 2532 550 2591 litem
588 2550 774 2591 meam
814 2534 1050 2607 faciam,
1097 2528 1203 2592 ubi
1247 2518 1422 2609 aeque
1461 2546 1587 2592 non
1610 2528 1803 2594 verba
1848 2548 1987 2594 cum
2034 2530 2345 2611 prioribus
2388 2549 2575 2613 copu-

393 2633 514 2714 lat,
567 2634 679 2699 sed
722 2636 894 2703 vocis
937 2643 1082 2702 adeo
1124 2637 1252 2702 vim
1295 2642 1506 2717 auget.
1594 2636 1651 2701 N
1655 2657 1726 2703 ec
1768 2638 1972 2719 magis
2018 2656 2157 2704 cum
2200 2648 2371 2719 atque
2410 2658 2575 2705 com-

390 2744 666 2825 positum
728 2743 1005 2810 invenies
1041 2768 1244 2825 quam,
1308 2745 1408 2810 cui
1473 2730 1774 2812 adverbio
1820 2768 1930 2827 que
1969 2746 2285 2813 adiectum
2334 2754 2433 2815 est
2478 2746 2575 2815 his

390 2853 545 2919 locis
589 2853 649 2918 d.
688 2853 746 2919 b.
788 2854 886 2918 111
927 2856 1029 2935 38,
1072 2856 1127 2917 2.
1202 2854 1261 2919 d.
1305 2854 1364 2919 b.
1409 2854 1464 2919 V
1514 2855 1609 2940 17,
1654 2856 1707 2919 1.
1774 2857 1854 2921 di.
1890 2855 1944 2920 V
1977 2857 2032 2937 1,
2081 2857 2137 2921 1.
2205 2856 2283 2922 di.
2306 2857 2363 2922 V
2386 2858 2487 2940 30,
2513 2860 2571 2922 2.

393 2979 453 3027 n.
497 2978 554 3041 q.
595 2961 684 3026 IV
724 2982 818 3045 pr.
863 2964 961 3027 22.
1029 2980 1089 3027 n.
1132 2977 1194 3042 q.
1238 2960 1328 3027 VI
1370 2964 1470 3045 30,
1516 2965 1575 3029 4.

595 3086 1077 3167 Subsequantur
1119 3105 1196 3153 ea
1239 3086 1537 3155 adverbia
1579 3105 1743 3168 quae
1785 3090 2039 3171 saepius
2080 3109 2225 3158 cum
2260 3110 2577 3177 compara·
2614 3098 2619 3101 '

387 3198 520 3263 tivo
562 3195 857 3263 adiectivi
900 3195 1104 3279 gradu
1147 3196 1629 3279 coniunguntur.
1718 3198 1793 3262 In
1836 3215 2105 3278 quorum
2152 3220 2413 3267 numero
2451 3202 2575 3269 tria

386 3312 538 3372 sunt
600 3323 766 3387 quae
829 3311 1091 3389 propter
1128 3305 1404 3371 vocalem
1469 3310 1584 3370 aut
1640 3308 2029 3387 gutturalem
2082 3332 2150 3375 ac
2192 3311 2571 3391 particulam

389 3420 720 3497 respuunt,
767 3437 832 3480 eo
873 3402 1112 3481 scilicet
1155 3419 1219 3480 et
1259 3424 1476 3494 quanto
1519 3418 1585 3480 et
1606 3437 1737 3494 quo.
1824 3404 2106 3483 Eandem
2143 3424 2357 3483 tamen
2384 3438 2575 3485 excu-

387 3524 697 3591 sationem
763 3541 888 3587 non
949 3523 1294 3589 admittunt
1357 3529 1537 3589 nuato
1601 3527 1669 3588 et
1732 3533 1909 3589 tanto.
1997 3526 2225 3605 Itaque
2266 3527 2320 3592 si
2359 3528 2426 3593 in
2469 3528 2570 3595 his

387 3651 639 3715 quoque
682 3631 994 3699 adverbiis
1036 3651 1151 3697 nec
1193 3656 1263 3699 ac
1306 3650 1420 3697 nec
1460 3642 1633 3713 atque
1663 3632 1993 3713 invenitur,
2038 3634 2148 3699 sed
2176 3653 2423 3718 semper
2458 3654 2573 3719 per

385 3765 496 3823 que
545 3740 716 3808 facta
759 3746 855 3806 est
895 3740 1264 3822 compositio
1283 3788 1298 3819 ‚
1371 3760 1562 3807 causa
1604 3742 1667 3805 in
1716 3742 2138 3825 comparativo
2179 3745 2383 3825 posita
2432 3764 2571 3813 esse

384 3850 653 3943 videtur.
737 3850 991 3917 Habeas
1032 3850 1133 3914 hic
1177 3854 1585 3933 conspectum
1628 3849 2089 3939 exemplorum:

586 3998 760 4057 eoque
816 3992 912 4057 ep.
951 3976 1052 4054 63,
1097 3976 1154 4039 3.
1236 3974 1295 4040 d.
1339 3973 1399 4041 b.
1443 3974 1543 4039 III
1591 3974 1686 4049 19,
1732 3975 1793 4039 4.
1866 3975 1949 4042 di.
1996 3976 2084 4042 VI
2129 3978 2229 4063 22,
2273 3978 2332 4044 2.
2405 3998 2465 4044 ιι.
2508 3998 2569 4063 q.

470 4086 533 4152 Π
573 4087 674 4168 54,
719 4088 778 4152 2.
841 4104 904 4151 ιι.
951 4102 1010 4165 q.
1057 4084 1179 4149 VII
1225 4084 1280 4165 7,
1331 4086 1382 4151 1.

589 4212 722 4277 Nec
783 4212 992 4278 minus
1053 4235 1226 4293 eoque
1283 4212 1559 4293 positum
1630 4217 1729 4279 est
1790 4212 1898 4279 ubi
1962 4212 2361 4303 coniunctum
2424 4231 2567 4279 cum

387 4320 580 4387 verbo
641 4320 918 4403 quodam
981 4318 1064 4385 ad
1119 4318 1306 4385 finem
1349 4325 1625 4403 spectat:
1688 4344 1860 4401 eoque
1902 4328 2192 4389 adductus
2232 4330 2319 4387 est
2354 4320 2434 4386 di.
2477 4322 2567 4388 VI

389 4428 444 4507 1,
490 4430 547 4493 7.
615 4450 788 4509 eoque
828 4438 988 4509 ferat
1029 4428 1110 4495 di.
1161 4430 1254 4495 IX
1305 4432 1543 4511 17,11.
1608 4454 1783 4511 eoque
1816 4431 2149 4511 perducid.
2174 4430 2231 4495 b.
2257 4430 2465 4510 vlle,
2499 4431 2553 4496 1.
