<?xml version="1.0" encoding="UTF-8"?>
<!DOCTYPE html PUBLIC "-//W3C//DTD XHTML 1.0 Transitional//EN"
    "http://www.w3.org/TR/xhtml1/DTD/xhtml1-transitional.dtd">
<html xmlns="http://www.w3.org/1999/xhtml" xml:lang="en" lang="en">
 <head>
  <title>
</title>
<meta http-equiv="Content-Type" content="text/html;charset=utf-8" />
  <meta name='ocr-system' content='tesseract 3.04.00' />
  <meta name='ocr-capabilities' content='ocr_page ocr_carea ocr_par ocr_line ocrx_word'/>
</head>
<body>
  <div class='ocr_page' id='page_1' title='image "./animadversiones01klamgoog_0055.png"; bbox 0 0 3009 5000; ppageno 0'>
   <div class='ocr_carea' id='block_1_1' title="bbox 1393 398 1494 470">
    <p class='ocr_par' dir='ltr' id='par_1_1' title="bbox 1393 398 1494 470">
     <span class='ocr_line' id='line_1_1' title="bbox 1393 398 1494 470; baseline -0.02 0"><span class='ocrx_word' id='word_1_1' title='bbox 1393 398 1494 470; x_wconf 33' lang='lat'><strong>*4³7</strong></span> 
     </span>
    </p>
   </div>
   <div class='ocr_carea' id='block_1_2' title="bbox 347 600 2546 1335">
    <p class='ocr_par' dir='ltr' id='par_1_2' title="bbox 347 600 2546 1335">
     <span class='ocr_line' id='line_1_2' title="bbox 551 600 2546 682; baseline 0.001 -16"><span class='ocrx_word' id='word_1_2' title='bbox 551 600 829 668; x_wconf 84' lang='lat' dir='ltr'><strong>Restant</strong></span> <span class='ocrx_word' id='word_1_3' title='bbox 883 600 1079 682; x_wconf 81' lang='lat' dir='ltr'><strong>igitur</strong></span> <span class='ocrx_word' id='word_1_4' title='bbox 1131 601 1431 667; x_wconf 84' lang='lat' dir='ltr'><strong>adverbia</strong></span> <span class='ocrx_word' id='word_1_5' title='bbox 1489 621 1613 666; x_wconf 90' lang='lat' dir='ltr'><strong>non</strong></span> <span class='ocrx_word' id='word_1_6' title='bbox 1666 604 1747 668; x_wconf 79' lang='lat' dir='ltr'><strong>ab</strong></span> <span class='ocrx_word' id='word_1_7' title='bbox 1792 603 2117 670; x_wconf 81' lang='lat' dir='ltr'><strong>adiectivis</strong></span> <span class='ocrx_word' id='word_1_8' title='bbox 2154 604 2443 670; x_wconf 81' lang='lat' dir='ltr'><strong>derivata</strong></span> <span class='ocrx_word' id='word_1_9' title='bbox 2479 607 2546 668; x_wconf 90' lang='lat' dir='ltr'><strong>et</strong></span> 
     </span>
     <span class='ocr_line' id='line_1_3' title="bbox 350 709 2543 793; baseline 0 -19"><span class='ocrx_word' id='word_1_10' title='bbox 350 709 726 791; x_wconf 87' lang='lat' dir='ltr'><strong>plerumque</strong></span> <span class='ocrx_word' id='word_1_11' title='bbox 787 712 1089 792; x_wconf 73' lang='lat' dir='ltr'><strong>temporis</strong></span> <span class='ocrx_word' id='word_1_12' title='bbox 1151 710 1460 775; x_wconf 81' lang='lat' dir='ltr'><strong>rationem</strong></span> <span class='ocrx_word' id='word_1_13' title='bbox 1527 711 1945 793; x_wconf 85' lang='lat' dir='ltr'><strong>designantia,</strong></span> <span class='ocrx_word' id='word_1_14' title='bbox 2006 729 2273 792; x_wconf 89' lang='lat' dir='ltr'><strong>quorum</strong></span> <span class='ocrx_word' id='word_1_15' title='bbox 2340 714 2543 778; x_wconf 88' lang='lat' dir='ltr'><strong>maior</strong></span> 
     </span>
     <span class='ocr_line' id='line_1_4' title="bbox 347 817 2542 900; baseline 0.001 -17"><span class='ocrx_word' id='word_1_16' title='bbox 347 834 502 898; x_wconf 82' lang='lat' dir='ltr'><strong>pars</strong></span> <span class='ocrx_word' id='word_1_17' title='bbox 567 818 822 884; x_wconf 82' lang='lat' dir='ltr'><strong>exhibet</strong></span> <span class='ocrx_word' id='word_1_18' title='bbox 880 842 966 884; x_wconf 84' lang='lat' dir='ltr'><strong>ae.</strong></span> <span class='ocrx_word' id='word_1_19' title='bbox 1053 817 1266 884; x_wconf 86' lang='lat' dir='ltr'><strong>Solum</strong></span> <span class='ocrx_word' id='word_1_20' title='bbox 1330 819 1584 900; x_wconf 89' lang='lat' dir='ltr'><strong>quidem</strong></span> <span class='ocrx_word' id='word_1_21' title='bbox 1640 844 1749 900; x_wconf 82' lang='lat' dir='ltr'><strong>qne</strong></span> <span class='ocrx_word' id='word_1_22' title='bbox 1794 820 2105 886; x_wconf 84' lang='lat' dir='ltr'><strong>adnexum</strong></span> <span class='ocrx_word' id='word_1_23' title='bbox 2152 826 2250 888; x_wconf 88' lang='lat' dir='ltr'><strong>est</strong></span> <span class='ocrx_word' id='word_1_24' title='bbox 2291 821 2392 888; x_wconf 86' lang='lat' dir='ltr'><strong>his</strong></span> <span class='ocrx_word' id='word_1_25' title='bbox 2432 821 2542 886; x_wconf 87' lang='lat' dir='ltr'><strong>ad-</strong></span> 
     </span>
     <span class='ocr_line' id='line_1_5' title="bbox 355 925 2540 1014; baseline 0.001 -23"><span class='ocrx_word' id='word_1_26' title='bbox 355 926 586 1014; x_wconf 83' lang='lat' dir='ltr'><strong>verbiis</strong></span> <span class='ocrx_word' id='word_1_27' title='bbox 625 933 974 1006; x_wconf 70' lang='lat' dir='ltr'><strong>interdwmq.</strong></span> <span class='ocrx_word' id='word_1_28' title='bbox 1021 927 1100 992; x_wconf 91' lang='lat' dir='ltr'><strong>di.</strong></span> <span class='ocrx_word' id='word_1_29' title='bbox 1149 927 1202 989; x_wconf 94' lang='lat' dir='ltr'>V</span> <span class='ocrx_word' id='word_1_30' title='bbox 1244 928 1308 1002; x_wconf 88' lang='lat'><strong>4,</strong></span> <span class='ocrx_word' id='word_1_31' title='bbox 1348 929 1410 992; x_wconf 84' lang='lat'><strong>2.</strong></span> <span class='ocrx_word' id='word_1_32' title='bbox 1469 935 1734 1008; x_wconf 73' lang='lat' dir='ltr'><strong>iterumq.</strong></span> <span class='ocrx_word' id='word_1_33' title='bbox 1780 947 1838 993; x_wconf 92' lang='lat' dir='ltr'><strong>n.</strong></span> <span class='ocrx_word' id='word_1_34' title='bbox 1879 947 1939 1011; x_wconf 87' lang='lat' dir='ltr'><strong>q.</strong></span> <span class='ocrx_word' id='word_1_35' title='bbox 1988 929 2086 994; x_wconf 87' lang='lat'><strong>111</strong></span> <span class='ocrx_word' id='word_1_36' title='bbox 2129 925 2230 1008; x_wconf 80' lang='lat'><strong>28,</strong></span> <span class='ocrx_word' id='word_1_37' title='bbox 2276 931 2335 994; x_wconf 90' lang='grc'><strong>6.</strong></span> <span class='ocrx_word' id='word_1_38' title='bbox 2399 949 2459 996; x_wconf 90' lang='lat' dir='ltr'><strong>n.</strong></span> <span class='ocrx_word' id='word_1_39' title='bbox 2481 948 2540 1011; x_wconf 90' lang='lat' dir='ltr'><strong>q.</strong></span> 
     </span>
     <span class='ocr_line' id='line_1_6' title="bbox 356 1034 2539 1122; baseline 0.002 -23"><span class='ocrx_word' id='word_1_40' title='bbox 356 1035 448 1100; x_wconf 93' lang='lat' dir='ltr'><strong>VI</strong></span> <span class='ocrx_word' id='word_1_41' title='bbox 492 1037 602 1116; x_wconf 86' lang='lat'><strong>30,</strong></span> <span class='ocrx_word' id='word_1_42' title='bbox 660 1036 720 1100; x_wconf 89' lang='lat'><strong>4.</strong></span> <span class='ocrx_word' id='word_1_43' title='bbox 802 1053 862 1100; x_wconf 92' lang='lat' dir='ltr'><strong>n.</strong></span> <span class='ocrx_word' id='word_1_44' title='bbox 909 1054 967 1116; x_wconf 88' lang='lat' dir='ltr'><strong>q.</strong></span> <span class='ocrx_word' id='word_1_45' title='bbox 1013 1034 1101 1100; x_wconf 91' lang='lat' dir='ltr'><strong>VI</strong></span> <span class='ocrx_word' id='word_1_46' title='bbox 1145 1036 1244 1114; x_wconf 88' lang='lat'><strong>31,</strong></span> <span class='ocrx_word' id='word_1_47' title='bbox 1309 1038 1366 1100; x_wconf 87' lang='lat'><strong>3.</strong></span> <span class='ocrx_word' id='word_1_48' title='bbox 1439 1043 1639 1116; x_wconf 71' lang='lat' dir='ltr'><strong>satis-q.</strong></span> <span class='ocrx_word' id='word_1_49' title='bbox 1694 1055 1791 1118; x_wconf 89' lang='lat' dir='ltr'><strong>ep.</strong></span> <span class='ocrx_word' id='word_1_50' title='bbox 1836 1038 1935 1121; x_wconf 89' lang='lat'><strong>94,</strong></span> <span class='ocrx_word' id='word_1_51' title='bbox 1982 1039 2080 1102; x_wconf 89' lang='grc'><strong>10.</strong></span> <span class='ocrx_word' id='word_1_52' title='bbox 2153 1057 2249 1120; x_wconf 90' lang='lat' dir='ltr'><strong>ep.</strong></span> <span class='ocrx_word' id='word_1_53' title='bbox 2295 1039 2395 1122; x_wconf 86' lang='lat'><strong>95,</strong></span> <span class='ocrx_word' id='word_1_54' title='bbox 2442 1041 2539 1104; x_wconf 88' lang='lat'><strong>33.</strong></span> 
     </span>
     <span class='ocr_line' id='line_1_7' title="bbox 347 1140 2540 1230; baseline 0.001 -22"><span class='ocrx_word' id='word_1_55' title='bbox 347 1151 582 1224; x_wconf 77' lang='lat' dir='ltr'><strong>simulq.</strong></span> <span class='ocrx_word' id='word_1_56' title='bbox 626 1145 710 1210; x_wconf 89' lang='lat' dir='ltr'><strong>di.</strong></span> <span class='ocrx_word' id='word_1_57' title='bbox 754 1140 820 1208; x_wconf 92' lang='lat' dir='ltr'><strong>II</strong></span> <span class='ocrx_word' id='word_1_58' title='bbox 865 1145 924 1223; x_wconf 85' lang='grc'><strong>2,</strong></span> <span class='ocrx_word' id='word_1_59' title='bbox 970 1145 1027 1208; x_wconf 97' lang='grc'><strong>2.</strong></span> <span class='ocrx_word' id='word_1_60' title='bbox 1095 1150 1378 1224; x_wconf 76' lang='lat' dir='ltr'><strong>tandemq.</strong></span> <span class='ocrx_word' id='word_1_61' title='bbox 1425 1163 1482 1206; x_wconf 93' lang='lat' dir='ltr'><strong>n.</strong></span> <span class='ocrx_word' id='word_1_62' title='bbox 1532 1162 1589 1225; x_wconf 91' lang='lat' dir='ltr'><strong>q.</strong></span> <span class='ocrx_word' id='word_1_63' title='bbox 1632 1143 1721 1209; x_wconf 90' lang='lat' dir='ltr'><strong>IV</strong></span> <span class='ocrx_word' id='word_1_64' title='bbox 1744 1145 1804 1230; x_wconf 85' lang='lat'><strong>2,</strong></span> <span class='ocrx_word' id='word_1_65' title='bbox 1846 1146 1905 1208; x_wconf 85' lang='lat'><strong>5.</strong></span> <span class='ocrx_word' id='word_1_66' title='bbox 1969 1153 2187 1225; x_wconf 76' lang='lat' dir='ltr'><strong>ultraq.</strong></span> <span class='ocrx_word' id='word_1_67' title='bbox 2232 1165 2292 1212; x_wconf 91' lang='lat'><strong>11.</strong></span> <span class='ocrx_word' id='word_1_68' title='bbox 2340 1164 2398 1227; x_wconf 88' lang='lat' dir='ltr'><strong>q.</strong></span> <span class='ocrx_word' id='word_1_69' title='bbox 2440 1147 2540 1211; x_wconf 94' lang='lat' dir='ltr'><strong>III</strong></span> 
     </span>
     <span class='ocr_line' id='line_1_8' title="bbox 350 1252 2545 1335; baseline 0.002 -19"><span class='ocrx_word' id='word_1_70' title='bbox 350 1253 452 1331; x_wconf 90' lang='grc'><strong>11,</strong></span> <span class='ocrx_word' id='word_1_71' title='bbox 496 1253 558 1318; x_wconf 89' lang='lat'><strong>4.</strong></span> <span class='ocrx_word' id='word_1_72' title='bbox 625 1252 982 1319; x_wconf 86' lang='lat' dir='ltr'><strong>Promiscue</strong></span> <span class='ocrx_word' id='word_1_73' title='bbox 1045 1257 1258 1317; x_wconf 80' lang='lat' dir='ltr'><strong>autem</strong></span> <span class='ocrx_word' id='word_1_74' title='bbox 1303 1252 1683 1319; x_wconf 83' lang='lat' dir='ltr'>adhibentur</span> <span class='ocrx_word' id='word_1_75' title='bbox 1731 1278 1799 1320; x_wconf 86' lang='lat' dir='ltr'><strong>ae</strong></span> <span class='ocrx_word' id='word_1_76' title='bbox 1842 1260 1905 1319; x_wconf 90' lang='lat' dir='ltr'><strong>et</strong></span> <span class='ocrx_word' id='word_1_77' title='bbox 1946 1279 2055 1335; x_wconf 79' lang='lat' dir='ltr'><strong>qne</strong></span> <span class='ocrx_word' id='word_1_78' title='bbox 2103 1254 2200 1322; x_wconf 86' lang='lat' dir='ltr'><strong>his</strong></span> <span class='ocrx_word' id='word_1_79' title='bbox 2244 1255 2426 1321; x_wconf 86' lang='lat' dir='ltr'><strong>locis:</strong></span> <span class='ocrx_word' id='word_1_80' title='bbox 2473 1279 2545 1321; x_wconf 85' lang='lat' dir='ltr'><strong>ae</strong></span> 
     </span>
    </p>
   </div>
   <div class='ocr_carea' id='block_1_3' title="bbox 344 1361 2667 1447">
    <p class='ocr_par' dir='ltr' id='par_1_3' title="bbox 344 1361 2667 1447">
     <span class='ocr_line' id='line_1_9' title="bbox 344 1361 2667 1447; baseline 0.001 -23"><span class='ocrx_word' id='word_1_81' title='bbox 344 1370 472 1426; x_wconf 79' lang='lat' dir='ltr'><strong>tam</strong></span> <span class='ocrx_word' id='word_1_82' title='bbox 526 1380 585 1428; x_wconf 89' lang='lat' dir='ltr'><strong>n.</strong></span> <span class='ocrx_word' id='word_1_83' title='bbox 630 1378 690 1441; x_wconf 88' lang='lat' dir='ltr'><strong>q.</strong></span> <span class='ocrx_word' id='word_1_84' title='bbox 737 1361 855 1426; x_wconf 90' lang='lat' dir='ltr'><strong>VH</strong></span> <span class='ocrx_word' id='word_1_85' title='bbox 899 1363 957 1447; x_wconf 87' lang='lat'><strong>8,</strong></span> <span class='ocrx_word' id='word_1_86' title='bbox 1008 1364 1061 1427; x_wconf 94' lang='grc'><strong>1.</strong></span> <span class='ocrx_word' id='word_1_87' title='bbox 1150 1361 1230 1426; x_wconf 87' lang='lat' dir='ltr'><strong>di.</strong></span> <span class='ocrx_word' id='word_1_88' title='bbox 1273 1361 1363 1426; x_wconf 89' lang='lat' dir='ltr'><strong>XI</strong></span> <span class='ocrx_word' id='word_1_89' title='bbox 1407 1363 1464 1441; x_wconf 82' lang='lat'><strong>8,</strong></span> <span class='ocrx_word' id='word_1_90' title='bbox 1512 1364 1569 1427; x_wconf 85' lang='lat'><strong>2.</strong></span> <span class='ocrx_word' id='word_1_91' title='bbox 1643 1371 1814 1443; x_wconf 80' lang='lat' dir='ltr'><strong>tamq.</strong></span> <span class='ocrx_word' id='word_1_92' title='bbox 1857 1381 1955 1443; x_wconf 87' lang='lat' dir='ltr'><strong>ep.</strong></span> <span class='ocrx_word' id='word_1_93' title='bbox 2000 1365 2101 1444; x_wconf 91' lang='grc'>98,</span> <span class='ocrx_word' id='word_1_94' title='bbox 2152 1365 2247 1428; x_wconf 89' lang='grc'><strong>10.</strong></span> <span class='ocrx_word' id='word_1_95' title='bbox 2322 1363 2404 1429; x_wconf 90' lang='lat' dir='ltr'><strong>di.</strong></span> <span class='ocrx_word' id='word_1_96' title='bbox 2450 1364 2543 1427; x_wconf 92' lang='lat' dir='ltr'><strong>XI</strong></span> <span class='ocrx_word' id='word_1_97' title='bbox 2648 1389 2667 1406; x_wconf 68' lang='grc'><em>’</em></span> 
     </span>
    </p>
   </div>
   <div class='ocr_carea' id='block_1_4' title="bbox 352 1465 2543 1554">
    <p class='ocr_par' dir='ltr' id='par_1_4' title="bbox 352 1465 2543 1554">
     <span class='ocr_line' id='line_1_10' title="bbox 352 1465 2543 1554; baseline 0.002 -20"><span class='ocrx_word' id='word_1_98' title='bbox 352 1471 454 1554; x_wconf 93' lang='grc'><strong>11,</strong></span> <span class='ocrx_word' id='word_1_99' title='bbox 492 1472 550 1536; x_wconf 88' lang='grc'><strong>6.</strong></span> <span class='ocrx_word' id='word_1_100' title='bbox 636 1469 848 1537; x_wconf 80' lang='lat' dir='ltr'><strong>Dubia</strong></span> <span class='ocrx_word' id='word_1_101' title='bbox 897 1471 1084 1538; x_wconf 88' lang='lat' dir='ltr'><strong>lectio</strong></span> <span class='ocrx_word' id='word_1_102' title='bbox 1137 1465 1234 1538; x_wconf 76' lang='lat' dir='ltr'><strong>est</strong></span> <span class='ocrx_word' id='word_1_103' title='bbox 1288 1472 1370 1537; x_wconf 92' lang='lat' dir='ltr'><strong>di.</strong></span> <span class='ocrx_word' id='word_1_104' title='bbox 1416 1473 1513 1537; x_wconf 95' lang='lat' dir='ltr'><strong>III</strong></span> <span class='ocrx_word' id='word_1_105' title='bbox 1565 1473 1619 1551; x_wconf 91' lang='lat' dir='ltr'><strong>l,</strong></span> <span class='ocrx_word' id='word_1_106' title='bbox 1666 1474 1725 1536; x_wconf 89' lang='grc'><strong>6.</strong></span> <span class='ocrx_word' id='word_1_107' title='bbox 1814 1473 1977 1538; x_wconf 87' lang='lat' dir='ltr'><strong>Nam</strong></span> <span class='ocrx_word' id='word_1_108' title='bbox 2037 1472 2205 1553; x_wconf 90' lang='lat' dir='ltr'><strong>quod</strong></span> <span class='ocrx_word' id='word_1_109' title='bbox 2246 1473 2366 1538; x_wconf 90' lang='lat' dir='ltr'><strong>hoc</strong></span> <span class='ocrx_word' id='word_1_110' title='bbox 2407 1473 2543 1540; x_wconf 88' lang='lat' dir='ltr'><strong>loco</strong></span> 
     </span>
    </p>
   </div>
   <div class='ocr_carea' id='block_1_5' title="bbox 230 1575 2585 1662">
    <p class='ocr_par' dir='ltr' id='par_1_5' title="bbox 230 1575 2585 1662">
     <span class='ocr_line' id='line_1_11' title="bbox 230 1575 2585 1662; baseline 0.002 -18"><span class='ocrx_word' id='word_1_111' title='bbox 230 1575 240 1582; x_wconf 77' lang='grc'><strong>’</strong></span> <span class='ocrx_word' id='word_1_112' title='bbox 345 1579 644 1645; x_wconf 82' lang='lat' dir='ltr'><strong>scribitur</strong></span> <span class='ocrx_word' id='word_1_113' title='bbox 709 1601 746 1646; x_wconf 84' lang='lat' dir='ltr'>a</span> <span class='ocrx_word' id='word_1_114' title='bbox 804 1580 1097 1647; x_wconf 89' lang='lat' dir='ltr'><strong>Fickerto</strong></span> <span class='ocrx_word' id='word_1_115' title='bbox 1163 1583 1230 1646; x_wconf 90' lang='lat' dir='ltr'><strong>et</strong></span> <span class='ocrx_word' id='word_1_116' title='bbox 1293 1581 1531 1648; x_wconf 82' lang='lat' dir='ltr'><strong>Haasio</strong></span> <span class='ocrx_word' id='word_1_117' title='bbox 1576 1591 1693 1647; x_wconf 77' lang='lat' dir='ltr'><strong>tam</strong></span> <span class='ocrx_word' id='word_1_118' title='bbox 1736 1589 2093 1648; x_wconf 75' lang='lat' dir='ltr'><strong>horrendum</strong></span> <span class='ocrx_word' id='word_1_119' title='bbox 2136 1591 2367 1662; x_wconf 71' lang='lat' dir='ltr'><strong>tamque</strong></span> <span class='ocrx_word' id='word_1_120' title='bbox 2398 1605 2544 1661; x_wconf 75' lang='lat' dir='ltr'><strong>per-</strong></span> <span class='ocrx_word' id='word_1_121' title='bbox 2582 1583 2585 1586; x_wconf 75' lang='grc'>’</span> 
     </span>
    </p>
   </div>
   <div class='ocr_carea' id='block_1_6' title="bbox 341 1688 2621 1988">
    <p class='ocr_par' dir='ltr' id='par_1_6' title="bbox 341 1688 2621 1988">
     <span class='ocr_line' id='line_1_12' title="bbox 345 1688 2541 1771; baseline 0.003 -19"><span class='ocrx_word' id='word_1_122' title='bbox 345 1695 634 1754; x_wconf 74' lang='lat' dir='ltr'><strong>niciosum</strong></span> <span class='ocrx_word' id='word_1_123' title='bbox 688 1689 914 1758; x_wconf 87' lang='lat' dir='ltr'><strong>codicis</strong></span> <span class='ocrx_word' id='word_1_124' title='bbox 957 1691 1012 1754; x_wconf 93' lang='lat' dir='ltr'>A</span> <span class='ocrx_word' id='word_1_125' title='bbox 1073 1688 1195 1756; x_wconf 88' lang='lat' dir='ltr'><strong>fide</strong></span> <span class='ocrx_word' id='word_1_126' title='bbox 1245 1709 1368 1755; x_wconf 87' lang='lat' dir='ltr'><strong>non</strong></span> <span class='ocrx_word' id='word_1_127' title='bbox 1407 1688 1731 1771; x_wconf 83' lang='lat' dir='ltr'><strong>firmatur,</strong></span> <span class='ocrx_word' id='word_1_128' title='bbox 1796 1691 1897 1756; x_wconf 93' lang='lat' dir='ltr'><strong>cui</strong></span> <span class='ocrx_word' id='word_1_129' title='bbox 1940 1691 2107 1756; x_wconf 89' lang='lat' dir='ltr'><strong>inest</strong></span> <span class='ocrx_word' id='word_1_130' title='bbox 2168 1701 2289 1756; x_wconf 78' lang='lat' dir='ltr'><strong>tam</strong></span> <span class='ocrx_word' id='word_1_131' title='bbox 2320 1697 2379 1756; x_wconf 78' lang='lat' dir='ltr'><strong>h.</strong></span> <span class='ocrx_word' id='word_1_132' title='bbox 2424 1701 2541 1758; x_wconf 74' lang='lat' dir='ltr'><strong>tam</strong></span> 
     </span>
     <span class='ocr_line' id='line_1_13' title="bbox 341 1797 2621 1884; baseline 0.002 -22"><span class='ocrx_word' id='word_1_133' title='bbox 341 1805 864 1884; x_wconf 78' lang='lat' dir='ltr'><strong>perniciosumque,</strong></span> <span class='ocrx_word' id='word_1_134' title='bbox 928 1801 1096 1866; x_wconf 89' lang='lat' dir='ltr'><strong>unde</strong></span> <span class='ocrx_word' id='word_1_135' title='bbox 1139 1799 1354 1865; x_wconf 88' lang='lat' dir='ltr'><strong>eodem</strong></span> <span class='ocrx_word' id='word_1_136' title='bbox 1398 1801 1537 1867; x_wconf 85' lang='lat' dir='ltr'><strong>iure</strong></span> <span class='ocrx_word' id='word_1_137' title='bbox 1578 1797 1815 1868; x_wconf 83' lang='lat' dir='ltr'><strong>efficias</strong></span> <span class='ocrx_word' id='word_1_138' title='bbox 1858 1809 1899 1864; x_wconf 78' lang='lat' dir='ltr'><strong>t.</strong></span> <span class='ocrx_word' id='word_1_139' title='bbox 1938 1807 1993 1865; x_wconf 76' lang='lat' dir='ltr'><strong>h.</strong></span> <span class='ocrx_word' id='word_1_140' title='bbox 2036 1807 2544 1880; x_wconf 74' lang='lat' dir='ltr'><strong>perniciosumque</strong></span> <span class='ocrx_word' id='word_1_141' title='bbox 2619 1835 2621 1837; x_wconf 55' lang='lat'>&gt;</span> 
     </span>
     <span class='ocr_line' id='line_1_14' title="bbox 348 1906 1502 1988; baseline 0.002 -20"><span class='ocrx_word' id='word_1_142' title='bbox 348 1910 469 1970; x_wconf 80' lang='lat' dir='ltr'><strong>aut</strong></span> <span class='ocrx_word' id='word_1_143' title='bbox 511 1906 706 1972; x_wconf 79' lang='lat' dir='ltr'><strong>etiam</strong></span> <span class='ocrx_word' id='word_1_144' title='bbox 751 1917 790 1973; x_wconf 82' lang='lat' dir='ltr'><strong>t.</strong></span> <span class='ocrx_word' id='word_1_145' title='bbox 834 1914 890 1972; x_wconf 78' lang='lat' dir='ltr'><strong>h.</strong></span> <span class='ocrx_word' id='word_1_146' title='bbox 938 1918 1058 1974; x_wconf 74' lang='lat' dir='ltr'><strong>tam</strong></span> <span class='ocrx_word' id='word_1_147' title='bbox 1087 1914 1502 1988; x_wconf 75' lang='lat' dir='ltr'><strong>perniciosum.</strong></span> 
     </span>
    </p>
   </div>
   <div class='ocr_carea' id='block_1_7' title="bbox 551 2025 2543 2324">
    <p class='ocr_par' dir='ltr' id='par_1_7' title="bbox 551 2025 2543 2324">
     <span class='ocr_line' id='line_1_15' title="bbox 551 2025 2449 2110; baseline 0.002 -21"><span class='ocrx_word' id='word_1_148' title='bbox 551 2047 623 2090; x_wconf 85' lang='lat' dir='ltr'><strong>ae</strong></span> <span class='ocrx_word' id='word_1_149' title='bbox 665 2032 788 2090; x_wconf 75' lang='lat' dir='ltr'><strong>imm</strong></span> <span class='ocrx_word' id='word_1_150' title='bbox 826 2045 923 2110; x_wconf 82' lang='lat' dir='ltr'><strong>ep.</strong></span> <span class='ocrx_word' id='word_1_151' title='bbox 970 2027 1070 2104; x_wconf 87' lang='grc'><strong>67,</strong></span> <span class='ocrx_word' id='word_1_152' title='bbox 1114 2027 1205 2092; x_wconf 82' lang='grc'><strong>9.’</strong></span> <span class='ocrx_word' id='word_1_153' title='bbox 1237 2026 1299 2091; x_wconf 85' lang='lat' dir='ltr'><strong>d.</strong></span> <span class='ocrx_word' id='word_1_154' title='bbox 1347 2025 1406 2092; x_wconf 89' lang='lat' dir='ltr'><strong>b.</strong></span> <span class='ocrx_word' id='word_1_155' title='bbox 1447 2026 1539 2090; x_wconf 87' lang='lat' dir='ltr'><strong>VI</strong></span> <span class='ocrx_word' id='word_1_156' title='bbox 1582 2027 1682 2105; x_wconf 89' lang='grc'><strong>24,</strong></span> <span class='ocrx_word' id='word_1_157' title='bbox 1727 2026 1789 2089; x_wconf 86' lang='grc'><strong>2.</strong></span> <span class='ocrx_word' id='word_1_158' title='bbox 1872 2032 2051 2106; x_wconf 74' lang='lat' dir='ltr'><strong>iamq.</strong></span> <span class='ocrx_word' id='word_1_159' title='bbox 2096 2043 2192 2106; x_wconf 86' lang='lat' dir='ltr'><strong>ep.</strong></span> <span class='ocrx_word' id='word_1_160' title='bbox 2236 2025 2341 2105; x_wconf 88' lang='lat'><strong>47,</strong></span> <span class='ocrx_word' id='word_1_161' title='bbox 2387 2028 2449 2092; x_wconf 83' lang='lat'><strong>7.</strong></span> 
     </span>
     <span class='ocr_line' id='line_1_16' title="bbox 551 2128 2418 2218; baseline 0.001 -20"><span class='ocrx_word' id='word_1_162' title='bbox 551 2157 622 2198; x_wconf 86' lang='lat' dir='ltr'><strong>ac</strong></span> <span class='ocrx_word' id='word_1_163' title='bbox 663 2143 762 2200; x_wconf 75' lang='lat' dir='ltr'><strong>vix</strong></span> <span class='ocrx_word' id='word_1_164' title='bbox 804 2154 900 2218; x_wconf 88' lang='lat' dir='ltr'><strong>ep.</strong></span> <span class='ocrx_word' id='word_1_165' title='bbox 949 2137 1086 2214; x_wconf 86' lang='lat'><strong>110,</strong></span> <span class='ocrx_word' id='word_1_166' title='bbox 1136 2136 1233 2200; x_wconf 87' lang='lat'><strong>13.</strong></span> <span class='ocrx_word' id='word_1_167' title='bbox 1297 2144 1450 2217; x_wconf 56' lang='lat' dir='ltr'><strong>etseq.</strong></span> <span class='ocrx_word' id='word_1_168' title='bbox 1497 2155 1596 2216; x_wconf 86' lang='lat' dir='ltr'><strong>ep.</strong></span> <span class='ocrx_word' id='word_1_169' title='bbox 1642 2135 1745 2214; x_wconf 85' lang='lat'><strong>95,</strong></span> <span class='ocrx_word' id='word_1_170' title='bbox 1790 2135 1890 2200; x_wconf 91' lang='grc'><strong>61.</strong></span> <span class='ocrx_word' id='word_1_171' title='bbox 1956 2135 2037 2200; x_wconf 86' lang='lat' dir='ltr'><strong>di.</strong></span> <span class='ocrx_word' id='word_1_172' title='bbox 2082 2128 2173 2199; x_wconf 86' lang='lat' dir='ltr'><strong>IV</strong></span> <span class='ocrx_word' id='word_1_173' title='bbox 2220 2136 2317 2216; x_wconf 88' lang='grc'><strong>12,</strong></span> <span class='ocrx_word' id='word_1_174' title='bbox 2360 2136 2418 2200; x_wconf 91' lang='grc'><strong>4.</strong></span> 
     </span>
     <span class='ocr_line' id='line_1_17' title="bbox 553 2241 2543 2324; baseline 0.001 -18"><span class='ocrx_word' id='word_1_175' title='bbox 553 2265 628 2312; x_wconf 77' lang='lat' dir='ltr'><strong>ac,</strong></span> <span class='ocrx_word' id='word_1_176' title='bbox 663 2251 959 2322; x_wconf 75' lang='lat' dir='ltr'><strong>paulatim</strong></span> <span class='ocrx_word' id='word_1_177' title='bbox 1003 2244 1084 2308; x_wconf 87' lang='lat' dir='ltr'><strong>di.</strong></span> <span class='ocrx_word' id='word_1_178' title='bbox 1118 2245 1228 2323; x_wconf 84' lang='lat'><strong>13,</strong></span> <span class='ocrx_word' id='word_1_179' title='bbox 1268 2246 1363 2310; x_wconf 91' lang='grc'><strong>12.</strong></span> <span class='ocrx_word' id='word_1_180' title='bbox 1406 2251 1754 2324; x_wconf 65' lang='lat' dir='ltr'><strong>paulatmq.</strong></span> <span class='ocrx_word' id='word_1_181' title='bbox 1802 2244 1885 2310; x_wconf 86' lang='lat' dir='ltr'><strong>di.</strong></span> <span class='ocrx_word' id='word_1_182' title='bbox 1909 2241 1963 2307; x_wconf 91' lang='lat' dir='ltr'><strong>V</strong></span> <span class='ocrx_word' id='word_1_183' title='bbox 1989 2245 2047 2322; x_wconf 88' lang='grc'>8,</span> <span class='ocrx_word' id='word_1_184' title='bbox 2072 2246 2131 2309; x_wconf 88' lang='grc'><strong>3.</strong></span> <span class='ocrx_word' id='word_1_185' title='bbox 2176 2242 2255 2309; x_wconf 88' lang='lat' dir='ltr'><strong>di.</strong></span> <span class='ocrx_word' id='word_1_186' title='bbox 2280 2243 2339 2308; x_wconf 89' lang='lat' dir='ltr'>X</span> <span class='ocrx_word' id='word_1_187' title='bbox 2364 2246 2459 2322; x_wconf 88' lang='lat'><strong>13,</strong></span> <span class='ocrx_word' id='word_1_188' title='bbox 2484 2245 2543 2308; x_wconf 87' lang='lat'><strong>5.</strong></span> 
     </span>
    </p>
   </div>
   <div class='ocr_carea' id='block_1_8' title="bbox 442 2353 2545 2537">
    <p class='ocr_par' dir='ltr' id='par_1_8' title="bbox 442 2353 2545 2537">
     <span class='ocr_line' id='line_1_18' title="bbox 555 2353 2545 2435; baseline 0.001 -18"><span class='ocrx_word' id='word_1_189' title='bbox 555 2375 628 2417; x_wconf 85' lang='lat' dir='ltr'><strong>ae</strong></span> <span class='ocrx_word' id='word_1_190' title='bbox 666 2373 896 2432; x_wconf 78' lang='lat' dir='ltr'><strong><em>semper</em></strong></span> <span class='ocrx_word' id='word_1_191' title='bbox 935 2371 1031 2435; x_wconf 91' lang='lat' dir='ltr'><strong>ep.</strong></span> <span class='ocrx_word' id='word_1_192' title='bbox 1078 2354 1174 2428; x_wconf 90' lang='lat'><strong>11,</strong></span> <span class='ocrx_word' id='word_1_193' title='bbox 1221 2353 1280 2419; x_wconf 91' lang='grc'><strong>8.</strong></span> <span class='ocrx_word' id='word_1_194' title='bbox 1343 2369 1438 2432; x_wconf 90' lang='lat' dir='ltr'><strong>ep.</strong></span> <span class='ocrx_word' id='word_1_195' title='bbox 1491 2353 1585 2431; x_wconf 89' lang='grc'><strong>19,</strong></span> <span class='ocrx_word' id='word_1_196' title='bbox 1631 2354 1689 2416; x_wconf 90' lang='grc'><strong>8.</strong></span> <span class='ocrx_word' id='word_1_197' title='bbox 1759 2371 1855 2434; x_wconf 89' lang='lat' dir='ltr'><strong>ep.</strong></span> <span class='ocrx_word' id='word_1_198' title='bbox 1900 2353 1999 2432; x_wconf 78' lang='lat'><strong>25,</strong></span> <span class='ocrx_word' id='word_1_199' title='bbox 2045 2354 2105 2419; x_wconf 89' lang='lat'><strong>5.</strong></span> <span class='ocrx_word' id='word_1_200' title='bbox 2168 2375 2451 2434; x_wconf 76' lang='lat' dir='ltr'><strong>semperq.</strong></span> <span class='ocrx_word' id='word_1_201' title='bbox 2482 2355 2545 2420; x_wconf 92' lang='lat' dir='ltr'><strong>d.</strong></span> 
     </span>
     <span class='ocr_line' id='line_1_19' title="bbox 442 2459 868 2537; baseline 0.005 -12"><span class='ocrx_word' id='word_1_202' title='bbox 442 2459 501 2526; x_wconf 92' lang='lat' dir='ltr'><strong>b.</strong></span> <span class='ocrx_word' id='word_1_203' title='bbox 544 2460 661 2526; x_wconf 95' lang='lat' dir='ltr'><strong>VII</strong></span> <span class='ocrx_word' id='word_1_204' title='bbox 711 2464 764 2537; x_wconf 89' lang='lat'><strong>1,</strong></span> <span class='ocrx_word' id='word_1_205' title='bbox 813 2462 868 2527; x_wconf 86' lang='lat'><strong>7.</strong></span> 
     </span>
    </p>
   </div>
   <div class='ocr_carea' id='block_1_9' title="bbox 355 2578 2627 4186">
    <p class='ocr_par' dir='ltr' id='par_1_9' title="bbox 355 2578 2627 4186">
     <span class='ocr_line' id='line_1_20' title="bbox 483 2578 2547 2661; baseline 0.001 -19"><span class='ocrx_word' id='word_1_206' title='bbox 483 2654 488 2660; x_wconf 43' lang='grc'>,</span> <span class='ocrx_word' id='word_1_207' title='bbox 557 2578 820 2645; x_wconf 81' lang='lat' dir='ltr'><strong>Duabus</strong></span> <span class='ocrx_word' id='word_1_208' title='bbox 884 2584 1098 2647; x_wconf 83' lang='lat' dir='ltr'><strong>tamen</strong></span> <span class='ocrx_word' id='word_1_209' title='bbox 1161 2598 1242 2646; x_wconf 83' lang='lat' dir='ltr'><strong>ex</strong></span> <span class='ocrx_word' id='word_1_210' title='bbox 1309 2580 1515 2646; x_wconf 85' lang='lat' dir='ltr'><strong>causis</strong></span> <span class='ocrx_word' id='word_1_211' title='bbox 1558 2582 1874 2661; x_wconf 82' lang='lat' dir='ltr'><strong>integrum</strong></span> <span class='ocrx_word' id='word_1_212' title='bbox 1919 2598 2045 2645; x_wconf 89' lang='lat' dir='ltr'><strong>non</strong></span> <span class='ocrx_word' id='word_1_213' title='bbox 2085 2581 2338 2645; x_wconf 82' lang='lat' dir='ltr'><strong>videtur</strong></span> <span class='ocrx_word' id='word_1_214' title='bbox 2379 2580 2547 2659; x_wconf 86' lang='lat' dir='ltr'><strong>quod</strong></span> 
     </span>
     <span class='ocr_line' id='line_1_21' title="bbox 355 2687 2549 2769; baseline 0 -16"><span class='ocrx_word' id='word_1_215' title='bbox 355 2687 594 2767; x_wconf 79' lang='lat' dir='ltr'><strong>legitur</strong></span> <span class='ocrx_word' id='word_1_216' title='bbox 637 2705 734 2768; x_wconf 84' lang='lat' dir='ltr'><strong>ep.</strong></span> <span class='ocrx_word' id='word_1_217' title='bbox 783 2688 880 2769; x_wconf 85' lang='lat'><strong>19,</strong></span> <span class='ocrx_word' id='word_1_218' title='bbox 929 2690 968 2753; x_wconf 88' lang='grc'>8</span> <span class='ocrx_word' id='word_1_219' title='bbox 1021 2694 1250 2768; x_wconf 70' lang='lat' dir='ltr'><strong>aliqcnd</strong></span> <span class='ocrx_word' id='word_1_220' title='bbox 1291 2696 1346 2753; x_wconf 81' lang='lat' dir='ltr'><strong>et</strong></span> <span class='ocrx_word' id='word_1_221' title='bbox 1373 2712 1492 2767; x_wconf 74' lang='lat' dir='ltr'><strong>pro</strong></span> <span class='ocrx_word' id='word_1_222' title='bbox 1532 2696 1645 2754; x_wconf 70' lang='lat' dir='ltr'><strong>otio</strong></span> <span class='ocrx_word' id='word_1_223' title='bbox 1686 2694 2020 2753; x_wconf 78' lang='lat' dir='ltr'><strong>audendum</strong></span> <span class='ocrx_word' id='word_1_224' title='bbox 2062 2698 2149 2753; x_wconf 79' lang='lat' dir='ltr'><strong>est</strong></span> <span class='ocrx_word' id='word_1_225' title='bbox 2190 2698 2295 2754; x_wconf 77' lang='lat' dir='ltr'><strong>aut</strong></span> <span class='ocrx_word' id='word_1_226' title='bbox 2324 2688 2403 2753; x_wconf 56' lang='lat' dir='ltr'><strong>⁴in</strong></span> <span class='ocrx_word' id='word_1_227' title='bbox 2433 2696 2549 2753; x_wconf 70' lang='lat' dir='ltr'><strong>ista</strong></span> 
     </span>
     <span class='ocr_line' id='line_1_22' title="bbox 357 2796 2547 2875; baseline 0 -14"><span class='ocrx_word' id='word_1_228' title='bbox 357 2802 748 2861; x_wconf 75' lang='lat' dir='ltr'><strong>sollicitudine</strong></span> <span class='ocrx_word' id='word_1_229' title='bbox 776 2806 1264 2875; x_wconf 60' lang='lat' dir='ltr'><strong>procurationem</strong></span> <span class='ocrx_word' id='word_1_230' title='bbox 1292 2807 1345 2862; x_wconf 77' lang='lat' dir='ltr'><strong>et</strong></span> <span class='ocrx_word' id='word_1_231' title='bbox 1383 2804 1591 2862; x_wconf 79' lang='lat' dir='ltr'><strong>deinde</strong></span> <span class='ocrx_word' id='word_1_232' title='bbox 1618 2796 1978 2863; x_wconf 62' lang='lat' dir='ltr'><strong>urbanorum</strong></span> <span class='ocrx_word' id='word_1_233' title='bbox 2005 2803 2330 2874; x_wconf 74' lang='lat' dir='ltr'><strong>officiorum</strong></span> <span class='ocrx_word' id='word_1_234' title='bbox 2356 2820 2547 2862; x_wconf 81' lang='lat' dir='ltr'><strong>senes-</strong></span> 
     </span>
     <span class='ocr_line' id='line_1_23' title="bbox 359 2904 2547 2987; baseline 0 -18"><span class='ocrx_word' id='word_1_235' title='bbox 359 2910 606 2969; x_wconf 76' lang='lat' dir='ltr'><strong>cendum</strong></span> <span class='ocrx_word' id='word_1_236' title='bbox 665 2913 731 2970; x_wconf 79' lang='lat' dir='ltr'><strong>in</strong></span> <span class='ocrx_word' id='word_1_237' title='bbox 789 2913 1040 2972; x_wconf 77' lang='lat' dir='ltr'><strong>twmnltu</strong></span> <span class='ocrx_word' id='word_1_238' title='bbox 1099 2930 1168 2971; x_wconf 86' lang='lat' dir='ltr'><strong>ae</strong></span> <span class='ocrx_word' id='word_1_239' title='bbox 1217 2929 1445 2985; x_wconf 75' lang='lat' dir='ltr'><strong>semper</strong></span> <span class='ocrx_word' id='word_1_240' title='bbox 1487 2914 1654 2973; x_wconf 79' lang='lat' dir='ltr'><strong>novis</strong></span> <span class='ocrx_word' id='word_1_241' title='bbox 1688 2914 1977 2982; x_wconf 75' lang='lat' dir='ltr'><strong>fluctibns,</strong></span> <span class='ocrx_word' id='word_1_242' title='bbox 2062 2904 2229 2971; x_wconf 82' lang='lat' dir='ltr'><strong>Nam</strong></span> <span class='ocrx_word' id='word_1_243' title='bbox 2272 2907 2547 2987; x_wconf 87' lang='lat' dir='ltr'><strong>primum</strong></span> 
     </span>
     <span class='ocr_line' id='line_1_24' title="bbox 361 3013 2548 3097; baseline 0.001 -21"><span class='ocrx_word' id='word_1_244' title='bbox 361 3013 614 3093; x_wconf 79' lang='lat' dir='ltr'><strong>quidem</strong></span> <span class='ocrx_word' id='word_1_245' title='bbox 666 3034 780 3097; x_wconf 84' lang='lat' dir='ltr'><strong>per</strong></span> <span class='ocrx_word' id='word_1_246' title='bbox 832 3033 898 3081; x_wconf 86' lang='lat' dir='ltr'><strong>se</strong></span> <span class='ocrx_word' id='word_1_247' title='bbox 941 3014 1232 3097; x_wconf 85' lang='lat' dir='ltr'><strong>displicet</strong></span> <span class='ocrx_word' id='word_1_248' title='bbox 1275 3032 1396 3080; x_wconf 84' lang='lat' dir='ltr'><strong>vox</strong></span> <span class='ocrx_word' id='word_1_249' title='bbox 1436 3021 1848 3081; x_wconf 80' lang='lat' dir='ltr'><strong>senescendum</strong></span> <span class='ocrx_word' id='word_1_250' title='bbox 1888 3015 1969 3080; x_wconf 84' lang='lat' dir='ltr'><strong>ad</strong></span> <span class='ocrx_word' id='word_1_251' title='bbox 2012 3015 2324 3096; x_wconf 82' lang='lat' dir='ltr'><strong>duplicem</strong></span> <span class='ocrx_word' id='word_1_252' title='bbox 2366 3032 2548 3097; x_wconf 86' lang='lat' dir='ltr'><strong>prae-</strong></span> 
     </span>
     <span class='ocr_line' id='line_1_25' title="bbox 359 3116 2627 3206; baseline -0.002 -17"><span class='ocrx_word' id='word_1_253' title='bbox 359 3122 729 3203; x_wconf 81' lang='lat' dir='ltr'><strong>positionem</strong></span> <span class='ocrx_word' id='word_1_254' title='bbox 781 3131 846 3188; x_wconf 76' lang='lat' dir='ltr'><strong>in</strong></span> <span class='ocrx_word' id='word_1_255' title='bbox 889 3131 954 3189; x_wconf 89' lang='lat' dir='ltr'><strong>et</strong></span> <span class='ocrx_word' id='word_1_256' title='bbox 997 3124 1472 3189; x_wconf 80' lang='lat' dir='ltr'><strong>antecedentem</strong></span> <span class='ocrx_word' id='word_1_257' title='bbox 1517 3127 1582 3189; x_wconf 89' lang='lat' dir='ltr'><strong>et</strong></span> <span class='ocrx_word' id='word_1_258' title='bbox 1625 3131 1990 3206; x_wconf 84' lang='lat' dir='ltr'><strong>sequentem</strong></span> <span class='ocrx_word' id='word_1_259' title='bbox 2032 3122 2253 3203; x_wconf 83' lang='lat' dir='ltr'><strong>relata,</strong></span> <span class='ocrx_word' id='word_1_260' title='bbox 2300 3139 2424 3202; x_wconf 91' lang='lat' dir='ltr'><strong>quo</strong></span> <span class='ocrx_word' id='word_1_261' title='bbox 2474 3120 2549 3185; x_wconf 89' lang='lat' dir='ltr'><strong>fit</strong></span> <span class='ocrx_word' id='word_1_262' title='bbox 2620 3116 2627 3127; x_wconf 89' lang='lat'><em>&#39;</em></span> 
     </span>
     <span class='ocr_line' id='line_1_26' title="bbox 357 3230 2547 3315; baseline -0 -19"><span class='ocrx_word' id='word_1_263' title='bbox 357 3236 434 3297; x_wconf 88' lang='lat' dir='ltr'><strong>ut</strong></span> <span class='ocrx_word' id='word_1_264' title='bbox 475 3230 657 3299; x_wconf 82' lang='lat' dir='ltr'><strong>valde</strong></span> <span class='ocrx_word' id='word_1_265' title='bbox 725 3232 1016 3299; x_wconf 82' lang='lat' dir='ltr'><strong>laedatur</strong></span> <span class='ocrx_word' id='word_1_266' title='bbox 1086 3234 1388 3300; x_wconf 82' lang='lat' dir='ltr'><strong>orationis</strong></span> <span class='ocrx_word' id='word_1_267' title='bbox 1459 3232 1798 3315; x_wconf 81' lang='lat' dir='ltr'><strong>elegantia.</strong></span> <span class='ocrx_word' id='word_1_268' title='bbox 1906 3234 2165 3299; x_wconf 82' lang='lat' dir='ltr'><strong>Accedit</strong></span> <span class='ocrx_word' id='word_1_269' title='bbox 2208 3232 2407 3311; x_wconf 89' lang='lat' dir='ltr'><strong>quod,</strong></span> <span class='ocrx_word' id='word_1_270' title='bbox 2474 3237 2547 3295; x_wconf 89' lang='lat' dir='ltr'><strong>ut</strong></span> 
     </span>
     <span class='ocr_line' id='line_1_27' title="bbox 360 3339 2547 3423; baseline -0.002 -16"><span class='ocrx_word' id='word_1_271' title='bbox 360 3339 741 3407; x_wconf 84' lang='lat' dir='ltr'><strong>Chatelainii</strong></span> <span class='ocrx_word' id='word_1_272' title='bbox 783 3342 1134 3408; x_wconf 85' lang='lat' dir='ltr'><strong>conlatione</strong></span> <span class='ocrx_word' id='word_1_273' title='bbox 1177 3342 1492 3416; x_wconf 87' lang='lat' dir='ltr'><strong>docemur,</strong></span> <span class='ocrx_word' id='word_1_274' title='bbox 1537 3358 1617 3405; x_wconf 92' lang='lat' dir='ltr'><strong>ne</strong></span> <span class='ocrx_word' id='word_1_275' title='bbox 1657 3339 1893 3423; x_wconf 83' lang='lat' dir='ltr'><strong>legitur</strong></span> <span class='ocrx_word' id='word_1_276' title='bbox 1937 3341 2189 3421; x_wconf 87' lang='lat' dir='ltr'><strong>quidem</strong></span> <span class='ocrx_word' id='word_1_277' title='bbox 2233 3341 2293 3404; x_wconf 91' lang='lat' dir='ltr'><strong>in</strong></span> <span class='ocrx_word' id='word_1_278' title='bbox 2338 3340 2547 3405; x_wconf 81' lang='lat' dir='ltr'><strong>codice</strong></span> 
     </span>
     <span class='ocr_line' id='line_1_28' title="bbox 357 3446 2549 3532; baseline -0.001 -17"><span class='ocrx_word' id='word_1_279' title='bbox 357 3468 401 3531; x_wconf 89' lang='lat' dir='ltr'><strong>p</strong></span> <span class='ocrx_word' id='word_1_280' title='bbox 457 3456 862 3515; x_wconf 78' lang='lat' dir='ltr'><strong>senescendum</strong></span> <span class='ocrx_word' id='word_1_281' title='bbox 876 3499 892 3529; x_wconf 92' lang='lat'><strong>,</strong></span> <span class='ocrx_word' id='word_1_282' title='bbox 959 3451 1068 3515; x_wconf 87' lang='lat' dir='ltr'><strong>sed</strong></span> <span class='ocrx_word' id='word_1_283' title='bbox 1118 3446 1442 3516; x_wconf 73' lang='lat' dir='ltr'><strong>senescente</strong></span> <span class='ocrx_word' id='word_1_284' title='bbox 1499 3469 1539 3515; x_wconf 83' lang='lat' dir='ltr'>a</span> <span class='ocrx_word' id='word_1_285' title='bbox 1594 3450 1799 3532; x_wconf 84' lang='lat' dir='ltr'><strong>prima</strong></span> <span class='ocrx_word' id='word_1_286' title='bbox 1850 3466 2043 3514; x_wconf 85' lang='lat' dir='ltr'><strong>manu</strong></span> <span class='ocrx_word' id='word_1_287' title='bbox 2102 3449 2401 3531; x_wconf 87' lang='lat' dir='ltr'><strong>scriptum</strong></span> <span class='ocrx_word' id='word_1_288' title='bbox 2424 3498 2439 3527; x_wconf 94' lang='lat'><strong>,</strong></span> <span class='ocrx_word' id='word_1_289' title='bbox 2508 3466 2549 3512; x_wconf 80' lang='lat' dir='ltr'>a</span> 
     </span>
     <span class='ocr_line' id='line_1_29' title="bbox 359 3548 2545 3639; baseline -0.002 -14"><span class='ocrx_word' id='word_1_290' title='bbox 359 3548 652 3638; x_wconf 82' lang='lat' dir='ltr'><strong>secunda,</strong></span> <span class='ocrx_word' id='word_1_291' title='bbox 697 3560 795 3625; x_wconf 91' lang='lat' dir='ltr'><strong>cui</strong></span> <span class='ocrx_word' id='word_1_292' title='bbox 840 3560 1006 3625; x_wconf 82' lang='lat' dir='ltr'><strong>male</strong></span> <span class='ocrx_word' id='word_1_293' title='bbox 1047 3560 1240 3627; x_wconf 81' lang='lat' dir='ltr'><strong>cessit</strong></span> <span class='ocrx_word' id='word_1_294' title='bbox 1280 3560 1629 3639; x_wconf 86' lang='lat' dir='ltr'><strong>corrigendi</strong></span> <span class='ocrx_word' id='word_1_295' title='bbox 1668 3558 1981 3639; x_wconf 81' lang='lat' dir='ltr'><strong>voluntas,</strong></span> <span class='ocrx_word' id='word_1_296' title='bbox 2023 3580 2332 3623; x_wconf 76' lang='lat' dir='ltr'><strong>senescere.</strong></span> <span class='ocrx_word' id='word_1_297' title='bbox 2404 3556 2545 3637; x_wconf 90' lang='lat' dir='ltr'><strong>Duo</strong></span> 
     </span>
     <span class='ocr_line' id='line_1_30' title="bbox 359 3664 2546 3753; baseline 0 -22"><span class='ocrx_word' id='word_1_298' title='bbox 359 3684 512 3750; x_wconf 85' lang='lat' dir='ltr'><strong>ergo</strong></span> <span class='ocrx_word' id='word_1_299' title='bbox 569 3666 760 3731; x_wconf 82' lang='lat' dir='ltr'><strong>verba</strong></span> <span class='ocrx_word' id='word_1_300' title='bbox 815 3664 886 3732; x_wconf 76' lang='lat' dir='ltr'><strong>&#39;in</strong></span> <span class='ocrx_word' id='word_1_301' title='bbox 951 3687 1150 3733; x_wconf 89' lang='lat' dir='ltr'><strong>unum</strong></span> <span class='ocrx_word' id='word_1_302' title='bbox 1205 3667 1579 3735; x_wconf 81' lang='lat' dir='ltr'><strong>confluxisse</strong></span> <span class='ocrx_word' id='word_1_303' title='bbox 1622 3668 1947 3753; x_wconf 89' lang='lat' dir='ltr'><strong>videntur,</strong></span> <span class='ocrx_word' id='word_1_304' title='bbox 2021 3684 2288 3747; x_wconf 88' lang='lat' dir='ltr'><strong>quorum</strong></span> <span class='ocrx_word' id='word_1_305' title='bbox 2349 3668 2546 3749; x_wconf 75' lang='lat' dir='ltr'><strong>ptine,</strong></span> 
     </span>
     <span class='ocr_line' id='line_1_31' title="bbox 356 3776 2547 3864; baseline 0 -23"><span class='ocrx_word' id='word_1_306' title='bbox 356 3776 529 3855; x_wconf 88' lang='lat' dir='ltr'><strong>quod</strong></span> <span class='ocrx_word' id='word_1_307' title='bbox 569 3776 775 3841; x_wconf 88' lang='lat' dir='ltr'><strong>adhuc</strong></span> <span class='ocrx_word' id='word_1_308' title='bbox 825 3781 1052 3855; x_wconf 80' lang='lat' dir='ltr'><strong>exstat,</strong></span> <span class='ocrx_word' id='word_1_309' title='bbox 1095 3786 1435 3853; x_wconf 75' lang='lat' dir='ltr'><strong>senescente,</strong></span> <span class='ocrx_word' id='word_1_310' title='bbox 1473 3776 1535 3840; x_wconf 89' lang='lat' dir='ltr'><strong>id</strong></span> <span class='ocrx_word' id='word_1_311' title='bbox 1578 3779 1680 3841; x_wconf 88' lang='lat' dir='ltr'><strong>est</strong></span> <span class='ocrx_word' id='word_1_312' title='bbox 1720 3784 2037 3864; x_wconf 59' lang='lat' dir='ltr'><strong>senescendi</strong></span> <span class='ocrx_word' id='word_1_313' title='bbox 2062 3777 2145 3841; x_wconf 81' lang='lat' dir='ltr'><strong>ad</strong></span> <span class='ocrx_word' id='word_1_314' title='bbox 2171 3778 2385 3857; x_wconf 85' lang='lat' dir='ltr'><strong>priora</strong></span> <span class='ocrx_word' id='word_1_315' title='bbox 2411 3781 2547 3841; x_wconf 80' lang='lat' dir='ltr'><strong>tra-</strong></span> 
     </span>
     <span class='ocr_line' id='line_1_32' title="bbox 356 3883 2545 3966; baseline -0.001 -17"><span class='ocrx_word' id='word_1_316' title='bbox 356 3884 640 3949; x_wconf 77' lang='lat' dir='ltr'><strong>hendum</strong></span> <span class='ocrx_word' id='word_1_317' title='bbox 685 3888 783 3950; x_wconf 88' lang='lat' dir='ltr'><strong>est</strong></span> <span class='ocrx_word' id='word_1_318' title='bbox 827 3890 891 3950; x_wconf 91' lang='lat' dir='ltr'><strong>et</strong></span> <span class='ocrx_word' id='word_1_319' title='bbox 931 3884 1332 3965; x_wconf 72' lang='lat' dir='ltr'><strong>inserendum</strong></span> <span class='ocrx_word' id='word_1_320' title='bbox 1355 3883 1727 3949; x_wconf 86' lang='lat' dir='ltr'><strong>vocabulum</strong></span> <span class='ocrx_word' id='word_1_321' title='bbox 1775 3884 1995 3949; x_wconf 90' lang='lat' dir='ltr'><strong>melius</strong></span> <span class='ocrx_word' id='word_1_322' title='bbox 2026 3902 2374 3966; x_wconf 84' lang='lat' dir='ltr'><strong>congruens</strong></span> <span class='ocrx_word' id='word_1_323' title='bbox 2404 3900 2545 3948; x_wconf 89' lang='lat' dir='ltr'><strong>cum</strong></span> 
     </span>
     <span class='ocr_line' id='line_1_33' title="bbox 357 3991 2549 4070; baseline -0 -12"><span class='ocrx_word' id='word_1_324' title='bbox 357 3993 610 4059; x_wconf 84' lang='lat' dir='ltr'><strong>vocibus</strong></span> <span class='ocrx_word' id='word_1_325' title='bbox 659 4000 842 4070; x_wconf 71' lang='lat' dir='ltr'><strong>ffiuetn</strong></span> <span class='ocrx_word' id='word_1_326' title='bbox 889 3999 956 4059; x_wconf 87' lang='lat' dir='ltr'><strong>et</strong></span> <span class='ocrx_word' id='word_1_327' title='bbox 997 3998 1349 4059; x_wconf 72' lang='lat' dir='ltr'><strong>tumultibus.</strong></span> <span class='ocrx_word' id='word_1_328' title='bbox 1434 3991 1610 4057; x_wconf 88' lang='lat' dir='ltr'><strong>Nihil</strong></span> <span class='ocrx_word' id='word_1_329' title='bbox 1654 4010 1804 4057; x_wconf 88' lang='lat' dir='ltr'><strong>vero</strong></span> <span class='ocrx_word' id='word_1_330' title='bbox 1847 3994 2003 4057; x_wconf 90' lang='lat' dir='ltr'><strong>certi</strong></span> <span class='ocrx_word' id='word_1_331' title='bbox 2048 4010 2186 4058; x_wconf 90' lang='lat' dir='ltr'><strong>cum</strong></span> <span class='ocrx_word' id='word_1_332' title='bbox 2232 3993 2549 4059; x_wconf 81' lang='lat' dir='ltr'><strong>enucleari</strong></span> 
     </span>
     <span class='ocr_line' id='line_1_34' title="bbox 357 4100 2545 4186; baseline -0.002 -17"><span class='ocrx_word' id='word_1_333' title='bbox 357 4104 580 4186; x_wconf 87' lang='lat' dir='ltr'><strong>possit,</strong></span> <span class='ocrx_word' id='word_1_334' title='bbox 621 4103 813 4171; x_wconf 83' lang='lat' dir='ltr'><strong>dubia</strong></span> <span class='ocrx_word' id='word_1_335' title='bbox 856 4102 1217 4171; x_wconf 85' lang='lat' dir='ltr'><strong>coniectura</strong></span> <span class='ocrx_word' id='word_1_336' title='bbox 1247 4102 1346 4169; x_wconf 89' lang='lat' dir='ltr'><strong>usi</strong></span> <span class='ocrx_word' id='word_1_337' title='bbox 1378 4107 1765 4167; x_wconf 77' lang='lat' dir='ltr'><strong>laborandum</strong></span> <span class='ocrx_word' id='word_1_338' title='bbox 1794 4106 1909 4167; x_wconf 85' lang='lat' dir='ltr'><strong>aut</strong></span> <span class='ocrx_word' id='word_1_339' title='bbox 1936 4100 2065 4167; x_wconf 86' lang='lat' dir='ltr'><strong>tale</strong></span> <span class='ocrx_word' id='word_1_340' title='bbox 2095 4102 2331 4182; x_wconf 88' lang='lat' dir='ltr'><strong>aliquid</strong></span> <span class='ocrx_word' id='word_1_341' title='bbox 2355 4102 2545 4166; x_wconf 83' lang='lat' dir='ltr'><strong>inter·</strong></span> 
     </span>
    </p>
   </div>
   <div class='ocr_carea' id='block_1_10' title="bbox 311 4208 1050 4294">
    <p class='ocr_par' dir='ltr' id='par_1_10' title="bbox 311 4208 1050 4294">
     <span class='ocr_line' id='line_1_35' title="bbox 311 4208 1050 4294; baseline -0.005 -15"><span class='ocrx_word' id='word_1_342' title='bbox 311 4208 316 4211; x_wconf 74' lang='grc'><strong>’</strong></span> <span class='ocrx_word' id='word_1_343' title='bbox 357 4210 584 4281; x_wconf 87' lang='lat' dir='ltr'><strong>cidisse</strong></span> <span class='ocrx_word' id='word_1_344' title='bbox 627 4212 1050 4294; x_wconf 82' lang='lat' dir='ltr'><strong>suspicamur.</strong></span> 
     </span>
    </p>
   </div>
   <div class='ocr_carea' id='block_1_11' title="bbox 504 4318 2543 4501">
    <p class='ocr_par' dir='ltr' id='par_1_11' title="bbox 504 4318 2543 4501">
     <span class='ocr_line' id='line_1_36' title="bbox 574 4318 2057 4387; baseline -0.003 0"><span class='ocrx_word' id='word_1_345' title='bbox 574 4321 789 4387; x_wconf 87' lang='lat' dir='ltr'><strong>Solum</strong></span> <span class='ocrx_word' id='word_1_346' title='bbox 833 4327 1048 4387; x_wconf 87' lang='lat' dir='ltr'><strong>autem</strong></span> <span class='ocrx_word' id='word_1_347' title='bbox 1090 4342 1162 4385; x_wconf 87' lang='lat' dir='ltr'><strong>ac</strong></span> <span class='ocrx_word' id='word_1_348' title='bbox 1203 4319 1557 4385; x_wconf 83' lang='lat' dir='ltr'><strong>adhibitum</strong></span> <span class='ocrx_word' id='word_1_349' title='bbox 1600 4324 1699 4386; x_wconf 89' lang='lat' dir='ltr'><strong>est</strong></span> <span class='ocrx_word' id='word_1_350' title='bbox 1741 4319 1838 4385; x_wconf 89' lang='lat' dir='ltr'><strong>his</strong></span> <span class='ocrx_word' id='word_1_351' title='bbox 1879 4318 2057 4385; x_wconf 84' lang='lat' dir='ltr'><strong>locis:</strong></span> 
     </span>
     <span class='ocr_line' id='line_1_37' title="bbox 504 4420 2543 4501; baseline -0.003 -13"><span class='ocrx_word' id='word_1_352' title='bbox 504 4448 572 4487; x_wconf 87' lang='lat' dir='ltr'><strong>ac</strong></span> <span class='ocrx_word' id='word_1_353' title='bbox 601 4432 820 4501; x_wconf 74' lang='lat' dir='ltr'><strong>penitus</strong></span> <span class='ocrx_word' id='word_1_354' title='bbox 855 4446 939 4501; x_wconf 85' lang='lat' dir='ltr'><strong>ep.</strong></span> <span class='ocrx_word' id='word_1_355' title='bbox 985 4432 1064 4497; x_wconf 86' lang='lat'><strong>19,</strong></span> <span class='ocrx_word' id='word_1_356' title='bbox 1100 4432 1150 4483; x_wconf 80' lang='lat'><strong>3.</strong></span> <span class='ocrx_word' id='word_1_357' title='bbox 1243 4445 1309 4483; x_wconf 85' lang='lat' dir='ltr'><strong>ac</strong></span> <span class='ocrx_word' id='word_1_358' title='bbox 1335 4420 1511 4499; x_wconf 75' lang='lat' dir='ltr'><strong>paene</strong></span> <span class='ocrx_word' id='word_1_359' title='bbox 1550 4427 1624 4483; x_wconf 85' lang='lat' dir='ltr'><strong>di.</strong></span> <span class='ocrx_word' id='word_1_360' title='bbox 1664 4427 1763 4481; x_wconf 81' lang='lat' dir='ltr'><strong>Vll</strong></span> <span class='ocrx_word' id='word_1_361' title='bbox 1804 4429 1885 4497; x_wconf 87' lang='lat'><strong>12,</strong></span> <span class='ocrx_word' id='word_1_362' title='bbox 1923 4428 1972 4481; x_wconf 82' lang='lat'><strong>2.</strong></span> <span class='ocrx_word' id='word_1_363' title='bbox 2062 4444 2129 4483; x_wconf 85' lang='lat' dir='ltr'><strong>ac</strong></span> <span class='ocrx_word' id='word_1_364' title='bbox 2161 4426 2543 4497; x_wconf 77' lang='lat' dir='ltr'><strong>propemodum</strong></span> 
     </span>
    </p>
   </div>
  </div>
 </body>
</html>
