3009 5000
1502 390 1585 453 42

455 585 648 668 probo
675 634 690 662 ,
757 586 906 668 quia
967 587 1168 652 multo
1233 588 1584 670 elegantius
1648 593 1713 654 et
1778 589 2007 671 aptius,
2072 607 2213 653 cum
2277 596 2660 670 perversam

456 693 768 760 luxuriam
813 695 1079 775 castigat
1124 697 1408 777 scriptor,
1455 698 1771 763 invehitur
1816 699 1879 763 in
1922 716 2028 764 eos
2061 697 2285 777 quibus
2326 697 2643 764 cruciatus

451 802 639 884 piscis
682 804 993 886 voluptati
1055 811 1204 870 sunt
1262 807 1497 887 quique
1558 807 1989 888 spectaculum
2048 805 2202 870 illud
2247 807 2420 871 nullo
2476 810 2638 872 tam-

454 929 644 992 quam
683 931 800 978 sua
841 923 1061 994 sponte
1105 915 1168 980 id
1217 914 1425 999 faciat,
1469 915 1640 982 laudi
1686 921 1961 980 vertunt.

619 1023 735 1088 His
757 1022 1098 1090 interiectis
1122 1043 1461 1106 pergamus
1486 1043 1855 1090 enumerare
1880 1025 2117 1091 similes
2148 1025 2646 1106 compositiones»,

452 1133 630 1198 velut
666 1141 831 1213 lonye
872 1141 1040 1214 lateq.
1087 1135 1146 1199 d.
1195 1135 1253 1199 b.
1299 1134 1354 1200 V
1400 1137 1495 1214 13,
1546 1136 1600 1200 1.
1648 1154 1705 1200 n.
1748 1153 1809 1215 q.
1855 1135 1979 1200 VII
2022 1135 2123 1218 26,
2166 1136 2222 1199 2.
2266 1141 2383 1198 late
2419 1141 2641 1214 lonqeq.

455 1263 548 1324 ep.
598 1244 695 1320 51,
746 1245 840 1308 11.
887 1243 966 1308 di.
1013 1245 1067 1308 V
1115 1245 1211 1324 16,
1267 1246 1326 1308 4.
1374 1252 1525 1310 satis
1575 1251 1858 1326 abundeq.
1917 1263 2010 1325 ep.
2075 1245 2175 1323 59,
2239 1245 2335 1307 10.
2389 1260 2485 1324 ep.
2540 1243 2643 1322 88,

457 1353 553 1416 16.
598 1370 692 1434 ep.
736 1354 835 1432 90,
885 1354 980 1416 16.
1028 1352 1086 1417 d.
1131 1353 1192 1417 1).
1238 1354 1359 1420 VII
1401 1356 1499 1430 25,
1528 1357 1585 1418 2.
1621 1361 1854 1434 publice
1895 1359 2231 1432 privatimq.
2274 1371 2373 1434 ep.
2418 1353 2643 1428 75,15.

454 1460 533 1527 di.
581 1460 666 1524 VI
715 1457 810 1540 15,
856 1463 914 1526 4.
953 1469 1232 1540 privatim
1269 1471 1557 1544 publiceq.
1606 1465 1689 1529 di.
1736 1463 1825 1527 VI
1868 1465 1926 1541 3,
1973 1465 2030 1527 2.

659 1569 874 1649 Atque
915 1570 1150 1634 talibus
1199 1569 1482 1636 formulis
1516 1571 1922 1637 sollemnibus
1947 1571 2307 1654 Draegerus
2350 1569 2644 1636 inductus

455 1677 720 1756 videtur,
787 1683 860 1743 ut
923 1673 1273 1761 particulae
1315 1703 1423 1760 que
1485 1680 1583 1745 ius
1649 1681 2143 1762 copulandorum
2206 1679 2642 1745 adverbiorum

455 1805 670 1851 eorum
717 1804 880 1867 quae
924 1788 1004 1853 ad
1049 1789 1517 1854 similitudinem
1574 1789 2019 1856 adiectivorum
2073 1788 2458 1866 accederent,
2514 1785 2651 1850 fere

456 1893 814 1976 denegaret.
901 1897 1081 1964 Hanc
1123 1899 1288 1964 enim
1330 1900 1537 1981 legem
1582 1899 1755 1980 ponit
1797 1918 1857 1981 p.
1902 1901 1983 1962 40
2026 1901 2220 1979 atque
2262 1914 2455 1960 unum
2503 1902 2647 1960 tan·

455 2009 592 2068 tum
640 2005 997 2087 exemplum
1045 2007 1233 2072 huius
1279 2027 1431 2074 usus
1475 2026 1511 2071 e
1537 2008 1852 2073 Ciceronis
1896 2025 2009 2086 pro
2036 2005 2326 2083 Quinctio
2366 2001 2653 2068 oratione

462 2113 538 2178 15
583 2111 791 2179 adfert
839 2123 1006 2181 tacite
1064 2125 1425 2196 obscureque.
1510 2117 1586 2180 In
1616 2115 1917 2182 Senecam
1961 2115 2209 2197 quidem
2268 2114 2377 2178 illa
2426 2111 2651 2209 regula

461 2239 585 2285 non
623 2224 811 2302 valet,
857 2225 920 2287 in
965 2225 1144 2289 cuius
1187 2224 1366 2290 libris
1416 2243 1638 2289 novem
1682 2225 1835 2290 haec
1878 2225 2169 2304 exempla
2213 2221 2541 2305 leguntur:

603 2338 792 2386 temere
825 2332 1177 2402 inconsulteq.
1220 2333 1255 2386 d
1309 2331 1364 2387 b.
1403 2333 1428 2385 1
1469 2337 1519 2402 1,
1561 2335 1605 2387 1.
1712 2333 1867 2400 foede
1898 2333 2156 2402 furioseq.
2195 2331 2249 2386 d.
2288 2332 2342 2385 b.
2379 2330 2433 2384 11
2472 2332 2555 2399 12,
2592 2332 2644 2384 2.

601 2429 895 2498 tranquille
933 2430 1212 2500 modesteq.
1245 2448 1328 2500 ep.
1384 2433 1466 2499 14,
1508 2434 1589 2484 11.
1698 2437 1827 2502 apte
1872 2433 2229 2500 tempestuveq.
2284 2427 2375 2498 eps
2420 2427 2507 2494 22,
2566 2428 2657 2480 16.-

600 2530 738 2580 recte
763 2526 910 2595 pieq.
951 2544 1038 2595 ep.
1081 2530 1168 2595 76,
1208 2528 1294 2581 29.
1366 2532 1523 2597 mate
1556 2528 1835 2595 modesteq.
1874 2544 1958 2596 ep.
2000 2527 2087 2595 98,
2124 2528 2175 2579 3.
2258 2525 2502 2579 animose
2536 2524 2651 2591 for-

598 2620 780 2691 titerq.
817 2622 892 2675 di.
929 2622 954 2675 Ι
989 2626 1040 2691 4,
1081 2626 1130 2677 5.
1197 2624 1386 2693 palam
1423 2630 1658 2693 πρῶτος.
1698 2624 1773 2677 di.
1813 2623 1861 2677 V
1902 2626 1949 2688 1,
1992 2625 2038 2675 1.
2108 2627 2247 2677 recte
2282 2620 2527 2689 blandeq.
2570 2618 2647 2673 di.

600 2716 648 2769 V
687 2718 772 2786 40,
811 2720 862 2773 2.

657 2814 776 2892 Qui
841 2834 1140 2882 numerus
1203 2824 1342 2882 octo
1405 2816 1547 2881 aliis
1611 2800 1908 2897 exemplis
1971 2818 2242 2897 augetur
2299 2814 2365 2877 in
2420 2812 2651 2895 quibus

462 2924 762 2991 adverbia
803 2927 1229 3007 comparativo
1276 2927 1482 3009 gradu
1525 2928 1734 3009 posita
1777 2928 1952 2990 sunt:

602 3034 834 3089 lucidius
875 3036 1284 3104 tranquilliusq.
1321 3053 1406 3105 ep.
1447 3037 1533 3103 76,
1578 3038 1663 3089 16.
1731 3034 1959 3101 facilius
1998 3034 2251 3101 rectiusq.
2289 3031 2363 3083 di.
2391 3030 2467 3084 IV
2496 3032 2577 3099 13,
2604 3032 2655 3083 3.

598 3130 815 3185 mollius
851 3131 1188 3200 delicatiusq.
1228 3131 1302 3184 di.
1341 3131 1387 3185 V
1426 3132 1475 3195 9,
1519 3134 1569 3186 1.
1663 3129 2025 3199 ueyleyentius
2070 3127 2353 3195 solut-iusq.
2396 3144 2451 3179 n.
2490 3142 2541 3193 q.
2579 3124 2655 3177 VI

600 3227 687 3295 30,
724 3230 772 3279 4.
845 3226 1056 3282 mollius
1093 3228 1380 3295 crebriusq.
1417 3246 1472 3280 n.
1507 3244 1559 3295 q.
1602 3226 1676 3280 VI
1715 3228 1799 3289 31,
1840 3228 1888 3280 3.
1962 3223 2244 3279 violentius
2286 3221 2557 3290 celeriusq.
2596 3238 2649 3273 n.

602 3341 652 3392 q.
691 3322 794 3377 VII
829 3324 879 3386 9,
919 3324 970 3376 3.
1057 3324 1280 3393 plenius
1313 3324 1585 3391 uberiusq.
1627 3322 1663 3376 d
1723 3323 1776 3375 b.
1817 3320 1897 3375 111
1938 3324 2023 3386 17,
2060 3322 2110 3371 4.
2208 3318 2373 3373 citius
2412 3316 2654 3386 melia-sq.

603 3418 658 3473 d.
695 3418 764 3473 cl.
801 3419 826 3471 1
869 3421 951 3486 17,
995 3420 1042 3472 2.

661 3536 774 3608 Ac,
795 3535 1007 3597 autem
1046 3538 1112 3597 et
1155 3542 1330 3612 atque
1356 3531 1475 3597 hoc
1520 3531 1701 3596 modo
1746 3534 2053 3613 usurpata
2083 3547 2207 3594 non
2251 3526 2656 3591 inveniuntur

463 3658 586 3705 uno
653 3644 911 3722 excepto
977 3640 1112 3705 loco
1178 3659 1240 3705 n.
1305 3659 1362 3721 q.
1407 3639 1534 3706 VII
1578 3624 1765 3719 23,'2
1832 3640 1937 3704 ubi
2003 3637 2066 3702 id
2131 3636 2299 3717 quod
2348 3635 2545 3700 codex
2600 3634 2655 3698 E

463 3752 727 3832 praebet
757 3756 999 3830 plenius
1039 3774 1108 3815 ac
1148 3756 1468 3831 maliyuius
1510 3749 1849 3815 tenendum
1917 3747 2183 3823 videtur,
2230 3745 2309 3810 de
2354 3761 2477 3824 quo
2521 3744 2657 3807 loco

461 3860 647 3941 plura
689 3857 856 3923 infra
903 3858 1210 3923 dicentur.

659 3966 886 4032 Rarior
929 3967 1178 4032 omnino
1223 3972 1321 4033 est
1343 3966 1654 4049 particula
1678 3989 1745 4031 ac
1786 3963 2116 4043 rariusque
2151 3963 2371 4029 eadem
2411 3959 2657 4026 ratione

463 4092 591 4157 qua
633 4099 742 4155 que
784 4076 847 4139 in
903 4080 1078 4140 certa
1123 4073 1398 4154 quadam
1450 4074 1783 4138 verborum
1828 4070 2280 4151 compositione
2320 4070 2655 4135 invenitur.

465 4186 629 4249 Nam
661 4190 1106 4267 praeterquam
1143 4186 1311 4265 quod
1343 4189 1571 4271 quater
1594 4206 1832 4273 sursum
1862 4204 1933 4247 ac
1955 4188 2243 4259 deorsum,
2277 4186 2367 4245 bis
2396 4186 2551 4257 forte
2591 4202 2659 4243 ac

465 4304 672 4359 temere
714 4295 950 4375 legitur
1011 4295 1071 4360 d.
1115 4295 1177 4360 b.
1223 4295 1254 4358 I
1302 4294 1398 4376 15,
1446 4294 1478 4357 1
1543 4296 1609 4358 et
1662 4292 1723 4357 d.
1767 4292 1824 4356 b.
1872 4291 1960 4356 IV
2009 4291 2103 4369 19,
2148 4291 2208 4367 3,
2266 4288 2407 4369 plus
2458 4285 2656 4353 semel

466 4420 590 4469 non
627 4407 962 4470 occurrunt
1005 4406 1215 4469 cetera
1257 4401 1548 4483 exempla
1587 4398 1771 4466 haec:
