<?xml version="1.0" encoding="UTF-8"?>
<!DOCTYPE html PUBLIC "-//W3C//DTD XHTML 1.0 Transitional//EN"
    "http://www.w3.org/TR/xhtml1/DTD/xhtml1-transitional.dtd">
<html xmlns="http://www.w3.org/1999/xhtml" xml:lang="en" lang="en">
 <head>
  <title>
</title>
<meta http-equiv="Content-Type" content="text/html;charset=utf-8" />
  <meta name='ocr-system' content='tesseract 3.04.00' />
  <meta name='ocr-capabilities' content='ocr_page ocr_carea ocr_par ocr_line ocrx_word'/>
</head>
<body>
  <div class='ocr_page' id='page_1' title='image "./animadversiones01klamgoog_0031.png"; bbox 0 0 3009 5000; ppageno 0'>
   <div class='ocr_carea' id='block_1_1' title="bbox 1445 331 1527 394">
    <p class='ocr_par' dir='ltr' id='par_1_1' title="bbox 1445 331 1527 394">
     <span class='ocr_line' id='line_1_1' title="bbox 1445 331 1527 394; baseline 0 0"><span class='ocrx_word' id='word_1_1' title='bbox 1445 331 1527 394; x_wconf 83' lang='lat'><strong>23</strong></span> 
     </span>
    </p>
   </div>
   <div class='ocr_carea' id='block_1_2' title="bbox 368 507 2593 2991">
    <p class='ocr_par' dir='ltr' id='par_1_2' title="bbox 383 507 2588 812">
     <span class='ocr_line' id='line_1_2' title="bbox 395 507 2588 609; baseline 0.003 -17"><span class='ocrx_word' id='word_1_2' title='bbox 395 549 462 592; x_wconf 66' lang='lat' dir='ltr'><strong>aa</strong></span> <span class='ocrx_word' id='word_1_3' title='bbox 513 533 682 606; x_wconf 55' lang='lat' dir='ltr'><strong>vavor</strong></span> <span class='ocrx_word' id='word_1_4' title='bbox 741 525 820 592; x_wconf 83' lang='lat' dir='ltr'><strong>di.</strong></span> <span class='ocrx_word' id='word_1_5' title='bbox 866 521 1077 606; x_wconf 53' lang='grc'><strong>1117,</strong></span> <span class='ocrx_word' id='word_1_6' title='bbox 1143 529 1197 592; x_wconf 91' lang='lat'><strong>1.</strong></span> <span class='ocrx_word' id='word_1_7' title='bbox 1279 535 1456 594; x_wconf 61' lang='lat' dir='ltr'><strong>viae</strong></span> <span class='ocrx_word' id='word_1_8' title='bbox 1506 507 1767 608; x_wconf 59' lang='lat' dir='ltr'><strong>pomero</strong></span> <span class='ocrx_word' id='word_1_9' title='bbox 1824 529 1882 594; x_wconf 86' lang='lat' dir='ltr'><strong>d.</strong></span> <span class='ocrx_word' id='word_1_10' title='bbox 1932 529 1991 596; x_wconf 88' lang='lat' dir='ltr'><strong>b.</strong></span> <span class='ocrx_word' id='word_1_11' title='bbox 2052 529 2107 594; x_wconf 93' lang='lat' dir='ltr'>v</span> <span class='ocrx_word' id='word_1_12' title='bbox 2168 534 2227 609; x_wconf 87' lang='lat'>3,</span> <span class='ocrx_word' id='word_1_13' title='bbox 2274 534 2333 598; x_wconf 88' lang='lat'><strong>3.</strong></span> <span class='ocrx_word' id='word_1_14' title='bbox 2421 509 2588 598; x_wconf 56' lang='lat' dir='ltr'><strong>viae</strong></span> 
     </span>
     <span class='ocr_line' id='line_1_3' title="bbox 383 635 2584 724; baseline 0.004 -25"><span class='ocrx_word' id='word_1_15' title='bbox 383 653 693 715; x_wconf 75' lang='lat' dir='ltr'><strong>puynan.</strong></span> <span class='ocrx_word' id='word_1_16' title='bbox 735 653 796 718; x_wconf 89' lang='lat' dir='ltr'><strong>q.</strong></span> <span class='ocrx_word' id='word_1_17' title='bbox 861 635 914 700; x_wconf 91' lang='lat' dir='ltr'>V</span> <span class='ocrx_word' id='word_1_18' title='bbox 962 637 1060 719; x_wconf 87' lang='lat'><strong>12,</strong></span> <span class='ocrx_word' id='word_1_19' title='bbox 1110 639 1167 701; x_wconf 99' lang='grc'><strong>2.</strong></span> <span class='ocrx_word' id='word_1_20' title='bbox 1329 643 1418 702; x_wconf 78' lang='lat' dir='ltr'><strong>m‘s</strong></span> <span class='ocrx_word' id='word_1_21' title='bbox 1477 644 1785 720; x_wconf 72' lang='lat' dir='ltr'><strong>flatusque,</strong></span> <span class='ocrx_word' id='word_1_22' title='bbox 1833 639 2004 721; x_wconf 88' lang='lat' dir='ltr'><strong>quod</strong></span> <span class='ocrx_word' id='word_1_23' title='bbox 2057 639 2291 722; x_wconf 84' lang='lat' dir='ltr'><strong>legitur</strong></span> <span class='ocrx_word' id='word_1_24' title='bbox 2342 659 2441 724; x_wconf 85' lang='lat' dir='ltr'><strong>ep.</strong></span> <span class='ocrx_word' id='word_1_25' title='bbox 2483 641 2584 721; x_wconf 96' lang='grc'><strong>91,</strong></span> 
     </span>
     <span class='ocr_line' id='line_1_4' title="bbox 396 743 1428 812; baseline 0.003 -3"><span class='ocrx_word' id='word_1_26' title='bbox 396 745 472 810; x_wconf 90' lang='grc'><strong>12</strong></span> <span class='ocrx_word' id='word_1_27' title='bbox 515 761 638 808; x_wconf 89' lang='lat' dir='ltr'><strong>non</strong></span> <span class='ocrx_word' id='word_1_28' title='bbox 683 743 964 812; x_wconf 86' lang='lat' dir='ltr'><strong>eiusdem</strong></span> <span class='ocrx_word' id='word_1_29' title='bbox 1004 748 1276 812; x_wconf 84' lang='lat' dir='ltr'><strong>naturae</strong></span> <span class='ocrx_word' id='word_1_30' title='bbox 1315 751 1428 812; x_wconf 88' lang='lat' dir='ltr'><strong>est.</strong></span> 
     </span>
    </p>

    <p class='ocr_par' dir='ltr' id='par_1_3' title="bbox 368 853 2593 2991">
     <span class='ocr_line' id='line_1_5' title="bbox 592 853 2582 939; baseline 0.002 -18"><span class='ocrx_word' id='word_1_31' title='bbox 592 853 686 921; x_wconf 89' lang='lat' dir='ltr'><strong>Ut</strong></span> <span class='ocrx_word' id='word_1_32' title='bbox 724 855 882 920; x_wconf 87' lang='lat' dir='ltr'><strong>haec</strong></span> <span class='ocrx_word' id='word_1_33' title='bbox 923 873 1061 938; x_wconf 81' lang='lat' dir='ltr'>vox,</span> <span class='ocrx_word' id='word_1_34' title='bbox 1106 856 1198 922; x_wconf 90' lang='lat' dir='ltr'><strong>sic</strong></span> <span class='ocrx_word' id='word_1_35' title='bbox 1243 855 1450 922; x_wconf 86' lang='lat' dir='ltr'><strong>altera</strong></span> <span class='ocrx_word' id='word_1_36' title='bbox 1489 873 1739 939; x_wconf 88' lang='lat' dir='ltr'><strong>quoque</strong></span> <span class='ocrx_word' id='word_1_37' title='bbox 1782 857 2100 924; x_wconf 89' lang='lat' dir='ltr'><strong>conciliari</strong></span> <span class='ocrx_word' id='word_1_38' title='bbox 2158 877 2227 924; x_wconf 89' lang='lat' dir='ltr'><strong>se</strong></span> <span class='ocrx_word' id='word_1_39' title='bbox 2272 877 2413 924; x_wconf 83' lang='lat' dir='ltr'><strong>oum</strong></span> <span class='ocrx_word' id='word_1_40' title='bbox 2458 859 2582 925; x_wconf 88' lang='lat' dir='ltr'><strong>alio</strong></span> 
     </span>
     <span class='ocr_line' id='line_1_6' title="bbox 393 963 2593 1049; baseline 0.004 -22"><span class='ocrx_word' id='word_1_41' title='bbox 393 963 694 1030; x_wconf 84' lang='lat' dir='ltr'><strong>vocabulo</strong></span> <span class='ocrx_word' id='word_1_42' title='bbox 744 963 862 1030; x_wconf 89' lang='lat' dir='ltr'><strong>nisi</strong></span> <span class='ocrx_word' id='word_1_43' title='bbox 915 983 1030 1046; x_wconf 85' lang='lat' dir='ltr'><strong>per</strong></span> <span class='ocrx_word' id='word_1_44' title='bbox 1080 987 1151 1031; x_wconf 78' lang='lat' dir='ltr'><strong>ac</strong></span> <span class='ocrx_word' id='word_1_45' title='bbox 1217 966 1508 1046; x_wconf 86' lang='lat' dir='ltr'><strong>copulam</strong></span> <span class='ocrx_word' id='word_1_46' title='bbox 1573 964 1707 1032; x_wconf 84' lang='lat' dir='ltr'><strong>fere</strong></span> <span class='ocrx_word' id='word_1_47' title='bbox 1770 984 1894 1031; x_wconf 90' lang='lat' dir='ltr'><strong>non</strong></span> <span class='ocrx_word' id='word_1_48' title='bbox 1948 968 2206 1049; x_wconf 87' lang='lat' dir='ltr'><strong>patitur,</strong></span> <span class='ocrx_word' id='word_1_49' title='bbox 2250 976 2593 1048; x_wconf 73' lang='lat' dir='ltr'><strong>perieulum</strong></span> 
     </span>
     <span class='ocr_line' id='line_1_7' title="bbox 387 1071 2582 1170; baseline 0.004 -34"><span class='ocrx_word' id='word_1_50' title='bbox 387 1071 582 1170; x_wconf 37' lang='lat' dir='ltr'><strong>dic0..</strong></span> <span class='ocrx_word' id='word_1_51' title='bbox 622 1073 787 1140; x_wconf 83' lang='lat' dir='ltr'><strong>Vide</strong></span> <span class='ocrx_word' id='word_1_52' title='bbox 823 1073 990 1140; x_wconf 80' lang='lat' dir='ltr'><strong>enim</strong></span> <span class='ocrx_word' id='word_1_53' title='bbox 1033 1081 1312 1141; x_wconf 78' lang='lat' dir='ltr'><strong>danmwn</strong></span> <span class='ocrx_word' id='word_1_54' title='bbox 1352 1099 1424 1142; x_wconf 84' lang='lat' dir='ltr'><strong>ac</strong></span> <span class='ocrx_word' id='word_1_55' title='bbox 1461 1083 1791 1154; x_wconf 67' lang='lat' dir='ltr'><strong>perieulum</strong></span> <span class='ocrx_word' id='word_1_56' title='bbox 1830 1077 1892 1141; x_wconf 86' lang='lat' dir='ltr'><strong>d.</strong></span> <span class='ocrx_word' id='word_1_57' title='bbox 1936 1079 1993 1145; x_wconf 82' lang='lat' dir='ltr'><strong>b.</strong></span> <span class='ocrx_word' id='word_1_58' title='bbox 2042 1077 2109 1142; x_wconf 89' lang='grc' dir='ltr'><strong>ΙΙ</strong></span> <span class='ocrx_word' id='word_1_59' title='bbox 2154 1079 2249 1154; x_wconf 82' lang='grc'><strong>14,</strong></span> <span class='ocrx_word' id='word_1_60' title='bbox 2298 1079 2355 1142; x_wconf 84' lang='grc'><strong>3.</strong></span> <span class='ocrx_word' id='word_1_61' title='bbox 2416 1078 2475 1142; x_wconf 86' lang='lat' dir='ltr'><strong>d.</strong></span> <span class='ocrx_word' id='word_1_62' title='bbox 2520 1078 2582 1144; x_wconf 90' lang='lat' dir='ltr'><strong>b.</strong></span> 
     </span>
     <span class='ocr_line' id='line_1_8' title="bbox 387 1183 2581 1266; baseline 0.002 -19"><span class='ocrx_word' id='word_1_63' title='bbox 387 1183 476 1247; x_wconf 94' lang='lat' dir='ltr'><strong>IV</strong></span> <span class='ocrx_word' id='word_1_64' title='bbox 525 1185 621 1262; x_wconf 88' lang='lat'><strong>12,</strong></span> <span class='ocrx_word' id='word_1_65' title='bbox 668 1186 725 1248; x_wconf 94' lang='grc'><strong>2.</strong></span> <span class='ocrx_word' id='word_1_66' title='bbox 809 1191 1214 1264; x_wconf 71' lang='lat' dir='ltr'><strong>naviqationos</strong></span> <span class='ocrx_word' id='word_1_67' title='bbox 1261 1207 1333 1250; x_wconf 80' lang='lat' dir='ltr'><strong>ao</strong></span> <span class='ocrx_word' id='word_1_68' title='bbox 1383 1189 1659 1263; x_wconf 70' lang='lat' dir='ltr'><strong>pericula</strong></span> <span class='ocrx_word' id='word_1_69' title='bbox 1710 1201 1811 1266; x_wconf 80' lang='lat' dir='ltr'><strong>ep.</strong></span> <span class='ocrx_word' id='word_1_70' title='bbox 1860 1185 1959 1263; x_wconf 85' lang='lat'>58,</span> <span class='ocrx_word' id='word_1_71' title='bbox 2018 1187 2119 1250; x_wconf 88' lang='lat'><strong>30.</strong></span> <span class='ocrx_word' id='word_1_72' title='bbox 2174 1193 2425 1252; x_wconf 75' lang='lat' dir='ltr'><strong>materia</strong></span> <span class='ocrx_word' id='word_1_73' title='bbox 2464 1195 2581 1252; x_wconf 80' lang='lat' dir='ltr'><strong>cri-</strong></span> 
     </span>
     <span class='ocr_line' id='line_1_9' title="bbox 383 1273 2581 1375; baseline 0.002 -19"><span class='ocrx_word' id='word_1_74' title='bbox 383 1299 566 1357; x_wconf 67' lang='lat' dir='ltr'><strong>mis</strong></span> <span class='ocrx_word' id='word_1_75' title='bbox 611 1315 682 1358; x_wconf 59' lang='lat' dir='ltr'><strong>aa</strong></span> <span class='ocrx_word' id='word_1_76' title='bbox 717 1297 976 1372; x_wconf 72' lang='lat' dir='ltr'><strong>periculi</strong></span> <span class='ocrx_word' id='word_1_77' title='bbox 1015 1292 1076 1357; x_wconf 82' lang='lat' dir='ltr'><strong>d.</strong></span> <span class='ocrx_word' id='word_1_78' title='bbox 1119 1293 1196 1358; x_wconf 71' lang='grc' dir='ltr'><strong>οι.</strong></span> <span class='ocrx_word' id='word_1_79' title='bbox 1238 1293 1272 1357; x_wconf 92' lang='lat'>1</span> <span class='ocrx_word' id='word_1_80' title='bbox 1315 1273 1416 1373; x_wconf 72' lang='lat'>26,</span> <span class='ocrx_word' id='word_1_81' title='bbox 1459 1295 1521 1358; x_wconf 85' lang='lat'><strong>2.</strong></span> <span class='ocrx_word' id='word_1_82' title='bbox 1566 1299 1695 1360; x_wconf 62' lang='lat' dir='ltr'><strong>sarm</strong></span> <span class='ocrx_word' id='word_1_83' title='bbox 1736 1301 2049 1360; x_wconf 62' lang='lat' dir='ltr'><strong>mamm</strong></span> <span class='ocrx_word' id='word_1_84' title='bbox 2090 1319 2162 1360; x_wconf 67' lang='lat' dir='ltr'><strong>ac</strong></span> <span class='ocrx_word' id='word_1_85' title='bbox 2193 1303 2461 1375; x_wconf 65' lang='lat' dir='ltr'><strong>pomum</strong></span> <span class='ocrx_word' id='word_1_86' title='bbox 2500 1295 2581 1361; x_wconf 84' lang='lat' dir='ltr'><strong>di.</strong></span> 
     </span>
     <span class='ocr_line' id='line_1_10' title="bbox 385 1396 2576 1480; baseline 0.001 -16"><span class='ocrx_word' id='word_1_87' title='bbox 385 1398 441 1464; x_wconf 94' lang='lat' dir='ltr'><strong>V</strong></span> <span class='ocrx_word' id='word_1_88' title='bbox 487 1401 590 1480; x_wconf 86' lang='lat'>28,</span> <span class='ocrx_word' id='word_1_89' title='bbox 633 1401 692 1465; x_wconf 84' lang='lat'><strong>2.</strong></span> <span class='ocrx_word' id='word_1_90' title='bbox 778 1396 1012 1464; x_wconf 80' lang='lat' dir='ltr'>Contra</span> <span class='ocrx_word' id='word_1_91' title='bbox 1054 1421 1188 1464; x_wconf 77' lang='lat' dir='ltr'><strong>em</strong></span> <span class='ocrx_word' id='word_1_92' title='bbox 1225 1406 1426 1465; x_wconf 75' lang='lat' dir='ltr'><strong>labore</strong></span> <span class='ocrx_word' id='word_1_93' title='bbox 1461 1405 1782 1480; x_wconf 62' lang='lat' dir='ltr'><strong>per-ioum.</strong></span> <span class='ocrx_word' id='word_1_94' title='bbox 1814 1400 1894 1466; x_wconf 80' lang='lat' dir='ltr'><strong>di.</strong></span> <span class='ocrx_word' id='word_1_95' title='bbox 1926 1400 2050 1466; x_wconf 91' lang='lat' dir='ltr'><strong>VII</strong></span> <span class='ocrx_word' id='word_1_96' title='bbox 2085 1401 2180 1478; x_wconf 90' lang='lat'><strong>14,</strong></span> <span class='ocrx_word' id='word_1_97' title='bbox 2214 1403 2274 1468; x_wconf 88' lang='lat'><strong>2.</strong></span> <span class='ocrx_word' id='word_1_98' title='bbox 2307 1401 2576 1468; x_wconf 76' lang='lat' dir='ltr'><strong>&#39;Utrum</strong></span> 
     </span>
     <span class='ocr_line' id='line_1_11' title="bbox 384 1507 2583 1592; baseline 0.002 -19"><span class='ocrx_word' id='word_1_99' title='bbox 384 1507 484 1574; x_wconf 83' lang='lat' dir='ltr'><strong>his</strong></span> <span class='ocrx_word' id='word_1_100' title='bbox 527 1525 780 1590; x_wconf 85' lang='lat' dir='ltr'><strong>qnoque</strong></span> <span class='ocrx_word' id='word_1_101' title='bbox 839 1507 992 1574; x_wconf 87' lang='lat' dir='ltr'><strong>locis</strong></span> <span class='ocrx_word' id='word_1_102' title='bbox 1055 1509 1138 1574; x_wconf 86' lang='lat' dir='ltr'><strong>ad</strong></span> <span class='ocrx_word' id='word_1_103' title='bbox 1157 1508 1528 1592; x_wconf 76' lang='lat' dir='ltr'><strong>eligendum</strong></span> <span class='ocrx_word' id='word_1_104' title='bbox 1590 1531 1661 1575; x_wconf 69' lang='lat' dir='ltr'><strong>ao</strong></span> <span class='ocrx_word' id='word_1_105' title='bbox 1716 1510 2001 1591; x_wconf 83' lang='lat' dir='ltr'><strong>gravitas</strong></span> <span class='ocrx_word' id='word_1_106' title='bbox 2063 1510 2395 1576; x_wconf 87' lang='lat' dir='ltr'><strong>verborum</strong></span> <span class='ocrx_word' id='word_1_107' title='bbox 2453 1529 2583 1578; x_wconf 88' lang='lat' dir='ltr'><strong>mo-</strong></span> 
     </span>
     <span class='ocr_line' id='line_1_12' title="bbox 385 1613 2581 1703; baseline 0.003 -23"><span class='ocrx_word' id='word_1_108' title='bbox 385 1621 667 1692; x_wconf 66' lang='lat' dir='ltr'><strong>mentum</strong></span> <span class='ocrx_word' id='word_1_109' title='bbox 711 1617 1014 1684; x_wconf 81' lang='lat' dir='ltr'><strong>adtulerit</strong></span> <span class='ocrx_word' id='word_1_110' title='bbox 1059 1635 1140 1683; x_wconf 85' lang='lat' dir='ltr'><strong>an</strong></span> <span class='ocrx_word' id='word_1_111' title='bbox 1183 1621 1422 1684; x_wconf 83' lang='lat' dir='ltr'><strong>natura</strong></span> <span class='ocrx_word' id='word_1_112' title='bbox 1443 1613 1697 1684; x_wconf 66' lang='lat' dir='ltr'><strong>litterae</strong></span> <span class='ocrx_word' id='word_1_113' title='bbox 1734 1642 1799 1698; x_wconf 80' lang='lat' dir='ltr'>p,</span> <span class='ocrx_word' id='word_1_114' title='bbox 1828 1636 2007 1703; x_wconf 66' lang='lat' dir='ltr'><strong>‚quae</strong></span> <span class='ocrx_word' id='word_1_115' title='bbox 2032 1618 2399 1699; x_wconf 81' lang='lat' dir='ltr'><strong>saepissime</strong></span> <span class='ocrx_word' id='word_1_116' title='bbox 2440 1638 2581 1686; x_wconf 87' lang='lat' dir='ltr'><strong>cum</strong></span> 
     </span>
     <span class='ocr_line' id='line_1_13' title="bbox 385 1725 2577 1808; baseline 0.002 -18"><span class='ocrx_word' id='word_1_117' title='bbox 385 1747 453 1790; x_wconf 80' lang='lat' dir='ltr'><strong>ac</strong></span> <span class='ocrx_word' id='word_1_118' title='bbox 513 1725 948 1807; x_wconf 78' lang='lat' dir='ltr'><strong>committitur,</strong></span> <span class='ocrx_word' id='word_1_119' title='bbox 1005 1727 1072 1792; x_wconf 89' lang='lat' dir='ltr'><strong>in</strong></span> <span class='ocrx_word' id='word_1_120' title='bbox 1139 1743 1444 1806; x_wconf 85' lang='lat' dir='ltr'><strong>suspenso</strong></span> <span class='ocrx_word' id='word_1_121' title='bbox 1499 1727 1710 1808; x_wconf 88' lang='lat' dir='ltr'><strong>potius</strong></span> <span class='ocrx_word' id='word_1_122' title='bbox 1775 1725 2255 1807; x_wconf 89' lang='lat' dir='ltr'><strong>relinquendum</strong></span> <span class='ocrx_word' id='word_1_123' title='bbox 2310 1727 2577 1794; x_wconf 89' lang='lat' dir='ltr'><strong>videtur.</strong></span> 
     </span>
     <span class='ocr_line' id='line_1_14' title="bbox 383 1832 2574 1918; baseline 0.001 -20"><span class='ocrx_word' id='word_1_124' title='bbox 383 1832 626 1898; x_wconf 82' lang='lat' dir='ltr'><strong>Maiore</strong></span> <span class='ocrx_word' id='word_1_125' title='bbox 656 1839 886 1900; x_wconf 77' lang='lat' dir='ltr'><strong>autem</strong></span> <span class='ocrx_word' id='word_1_126' title='bbox 951 1832 1182 1902; x_wconf 86' lang='lat' dir='ltr'><strong>fiducia</strong></span> <span class='ocrx_word' id='word_1_127' title='bbox 1242 1833 1392 1900; x_wconf 84' lang='lat' dir='ltr'><strong>freti</strong></span> <span class='ocrx_word' id='word_1_128' title='bbox 1431 1834 1497 1898; x_wconf 88' lang='lat' dir='ltr'><strong>in</strong></span> <span class='ocrx_word' id='word_1_129' title='bbox 1561 1835 1769 1918; x_wconf 88' lang='lat' dir='ltr'><strong>prima</strong></span> <span class='ocrx_word' id='word_1_130' title='bbox 1830 1835 2005 1900; x_wconf 82' lang='lat' dir='ltr'><strong>verbi</strong></span> <span class='ocrx_word' id='word_1_131' title='bbox 2050 1835 2269 1902; x_wconf 84' lang='lat' dir='ltr'><strong>littera</strong></span> <span class='ocrx_word' id='word_1_132' title='bbox 2317 1855 2574 1902; x_wconf 84' lang='lat' dir='ltr'><strong>causam</strong></span> 
     </span>
     <span class='ocr_line' id='line_1_15' title="bbox 381 1941 2577 2011; baseline 0.001 -3"><span class='ocrx_word' id='word_1_133' title='bbox 381 1961 496 2008; x_wconf 87' lang='lat' dir='ltr'><strong>cur</strong></span> <span class='ocrx_word' id='word_1_134' title='bbox 537 1943 920 2009; x_wconf 83' lang='lat' dir='ltr'><strong>scriberetur</strong></span> <span class='ocrx_word' id='word_1_135' title='bbox 959 1967 1030 2010; x_wconf 83' lang='lat' dir='ltr'><strong>ac</strong></span> <span class='ocrx_word' id='word_1_136' title='bbox 1081 1941 1272 2010; x_wconf 81' lang='lat' dir='ltr'><strong>fuisse</strong></span> <span class='ocrx_word' id='word_1_137' title='bbox 1313 1944 1761 2010; x_wconf 81' lang='lat' dir='ltr'><strong>contendemus</strong></span> <span class='ocrx_word' id='word_1_138' title='bbox 1811 1943 1941 2010; x_wconf 86' lang='lat' dir='ltr'><strong>his:</strong></span> <span class='ocrx_word' id='word_1_139' title='bbox 1984 1951 2234 2011; x_wconf 71' lang='lat' dir='ltr'><strong>ebrietas</strong></span> <span class='ocrx_word' id='word_1_140' title='bbox 2284 1969 2355 2011; x_wconf 84' lang='lat' dir='ltr'><strong>ac</strong></span> <span class='ocrx_word' id='word_1_141' title='bbox 2394 1951 2577 2011; x_wconf 65' lang='lat' dir='ltr'><strong>libido</strong></span> 
     </span>
     <span class='ocr_line' id='line_1_16' title="bbox 383 2053 2575 2135; baseline 0.001 -18"><span class='ocrx_word' id='word_1_142' title='bbox 383 2069 484 2132; x_wconf 87' lang='lat' dir='ltr'><strong>ep.</strong></span> <span class='ocrx_word' id='word_1_143' title='bbox 528 2053 628 2132; x_wconf 84' lang='lat'>47,</span> <span class='ocrx_word' id='word_1_144' title='bbox 677 2053 734 2117; x_wconf 89' lang='grc'><strong>7.</strong></span> <span class='ocrx_word' id='word_1_145' title='bbox 783 2071 882 2134; x_wconf 86' lang='lat' dir='ltr'><strong>ep.</strong></span> <span class='ocrx_word' id='word_1_146' title='bbox 927 2053 1029 2133; x_wconf 83' lang='lat'>59,</span> <span class='ocrx_word' id='word_1_147' title='bbox 1070 2055 1166 2119; x_wconf 92' lang='grc'><strong>11.</strong></span> <span class='ocrx_word' id='word_1_148' title='bbox 1208 2060 1410 2118; x_wconf 54' lang='lat' dir='ltr'><strong>vonam</strong></span> <span class='ocrx_word' id='word_1_149' title='bbox 1449 2075 1522 2118; x_wconf 84' lang='lat' dir='ltr'><strong>ac</strong></span> <span class='ocrx_word' id='word_1_150' title='bbox 1562 2057 1745 2119; x_wconf 70' lang='lat' dir='ltr'><strong>ubido</strong></span> <span class='ocrx_word' id='word_1_151' title='bbox 1770 2071 1865 2135; x_wconf 89' lang='lat' dir='ltr'><strong>ep.</strong></span> <span class='ocrx_word' id='word_1_152' title='bbox 1908 2054 2011 2134; x_wconf 84' lang='lat'>59,</span> <span class='ocrx_word' id='word_1_153' title='bbox 2060 2054 2135 2118; x_wconf 87' lang='grc'><strong>17</strong></span> <span class='ocrx_word' id='word_1_154' title='bbox 2178 2054 2261 2120; x_wconf 87' lang='lat' dir='ltr'><strong>di.</strong></span> <span class='ocrx_word' id='word_1_155' title='bbox 2306 2053 2365 2118; x_wconf 90' lang='lat' dir='ltr'><strong>X</strong></span> <span class='ocrx_word' id='word_1_156' title='bbox 2412 2055 2469 2135; x_wconf 86' lang='lat'>7,</span> <span class='ocrx_word' id='word_1_157' title='bbox 2519 2056 2575 2119; x_wconf 84' lang='lat'><strong>1.</strong></span> 
     </span>
     <span class='ocr_line' id='line_1_17' title="bbox 368 2162 2569 2244; baseline 0 -16"><span class='ocrx_word' id='word_1_158' title='bbox 368 2168 528 2242; x_wconf 66' lang='lat' dir='ltr'><strong>mala</strong></span> <span class='ocrx_word' id='word_1_159' title='bbox 573 2185 644 2228; x_wconf 82' lang='lat' dir='ltr'><strong>ao</strong></span> <span class='ocrx_word' id='word_1_160' title='bbox 690 2168 872 2228; x_wconf 73' lang='lat' dir='ltr'><strong>libido</strong></span> <span class='ocrx_word' id='word_1_161' title='bbox 915 2181 1010 2244; x_wconf 85' lang='lat' dir='ltr'><strong>ep.</strong></span> <span class='ocrx_word' id='word_1_162' title='bbox 1066 2163 1204 2241; x_wconf 84' lang='lat'>124,</span> <span class='ocrx_word' id='word_1_163' title='bbox 1243 2163 1302 2228; x_wconf 88' lang='grc'><strong>3.</strong></span> <span class='ocrx_word' id='word_1_164' title='bbox 1347 2163 1429 2226; x_wconf 83' lang='lat' dir='ltr'><strong>di.</strong></span> <span class='ocrx_word' id='word_1_165' title='bbox 1474 2162 1598 2228; x_wconf 90' lang='lat' dir='ltr'><strong>VII</strong></span> <span class='ocrx_word' id='word_1_166' title='bbox 1644 2164 1738 2241; x_wconf 87' lang='lat'>13,</span> <span class='ocrx_word' id='word_1_167' title='bbox 1796 2165 1854 2226; x_wconf 64' lang='lat'><strong>2..</strong></span> <span class='ocrx_word' id='word_1_168' title='bbox 1910 2173 2109 2228; x_wconf 74' lang='lat' dir='ltr'><strong>venter</strong></span> <span class='ocrx_word' id='word_1_169' title='bbox 2158 2187 2229 2229; x_wconf 77' lang='lat' dir='ltr'><strong>ao</strong></span> <span class='ocrx_word' id='word_1_170' title='bbox 2286 2169 2467 2230; x_wconf 73' lang='lat' dir='ltr'><strong>libido</strong></span> <span class='ocrx_word' id='word_1_171' title='bbox 2508 2163 2569 2229; x_wconf 88' lang='lat' dir='ltr'><strong>d.</strong></span> 
     </span>
     <span class='ocr_line' id='line_1_18' title="bbox 385 2269 2577 2352; baseline 0.002 -16"><span class='ocrx_word' id='word_1_172' title='bbox 385 2270 446 2336; x_wconf 84' lang='lat' dir='ltr'><strong>b.</strong></span> <span class='ocrx_word' id='word_1_173' title='bbox 493 2269 614 2333; x_wconf 92' lang='lat' dir='ltr'><strong>VII</strong></span> <span class='ocrx_word' id='word_1_174' title='bbox 657 2273 715 2348; x_wconf 88' lang='lat'>2,</span> <span class='ocrx_word' id='word_1_175' title='bbox 762 2273 820 2334; x_wconf 88' lang='grc'><strong>2.</strong></span> <span class='ocrx_word' id='word_1_176' title='bbox 866 2269 961 2336; x_wconf 87' lang='lat' dir='ltr'><strong>De</strong></span> <span class='ocrx_word' id='word_1_177' title='bbox 1003 2270 1089 2336; x_wconf 81' lang='lat' dir='ltr'><strong>di.</strong></span> <span class='ocrx_word' id='word_1_178' title='bbox 1119 2269 1179 2334; x_wconf 90' lang='lat' dir='ltr'><strong>X</strong></span> <span class='ocrx_word' id='word_1_179' title='bbox 1224 2272 1281 2351; x_wconf 84' lang='lat'>7,</span> <span class='ocrx_word' id='word_1_180' title='bbox 1341 2273 1374 2336; x_wconf 92' lang='lat'>1</span> <span class='ocrx_word' id='word_1_181' title='bbox 1429 2277 1496 2336; x_wconf 65' lang='lat' dir='ltr'><strong>in</strong></span> <span class='ocrx_word' id='word_1_182' title='bbox 1529 2276 1805 2337; x_wconf 79' lang='lat' dir='ltr'><strong>Venerem</strong></span> <span class='ocrx_word' id='word_1_183' title='bbox 1844 2293 1913 2338; x_wconf 80' lang='lat' dir='ltr'><strong>ac</strong></span> <span class='ocrx_word' id='word_1_184' title='bbox 1962 2277 2259 2337; x_wconf 64' lang='lat' dir='ltr'><strong>midinem</strong></span> <span class='ocrx_word' id='word_1_185' title='bbox 2290 2281 2577 2352; x_wconf 72' lang='lat' dir='ltr'><strong>proiecto-</strong></span> 
     </span>
     <span class='ocr_line' id='line_1_19' title="bbox 380 2379 2571 2448; baseline 0.002 -4"><span class='ocrx_word' id='word_1_186' title='bbox 380 2401 519 2444; x_wconf 71' lang='lat' dir='ltr'><strong>rum</strong></span> <span class='ocrx_word' id='word_1_187' title='bbox 558 2385 866 2445; x_wconf 56' lang='lat' dir='ltr'><strong>othonem</strong></span> <span class='ocrx_word' id='word_1_188' title='bbox 903 2387 1066 2446; x_wconf 77' lang='lat' dir='ltr'><strong>tabes</strong></span> <span class='ocrx_word' id='word_1_189' title='bbox 1105 2390 1192 2446; x_wconf 76' lang='lat' dir='ltr'><strong>est</strong></span> <span class='ocrx_word' id='word_1_190' title='bbox 1233 2397 1374 2446; x_wconf 84' lang='lat' dir='ltr'><strong>cum</strong></span> <span class='ocrx_word' id='word_1_191' title='bbox 1419 2379 1679 2448; x_wconf 84' lang='lat' dir='ltr'><strong>Gertzio</strong></span> <span class='ocrx_word' id='word_1_192' title='bbox 1720 2379 2041 2446; x_wconf 83' lang='lat' dir='ltr'><strong>consentio</strong></span> <span class='ocrx_word' id='word_1_193' title='bbox 2086 2381 2296 2446; x_wconf 87' lang='lat' dir='ltr'><strong>verbis</strong></span> <span class='ocrx_word' id='word_1_194' title='bbox 2344 2389 2413 2446; x_wconf 73' lang='lat' dir='ltr'><strong>in</strong></span> <span class='ocrx_word' id='word_1_195' title='bbox 2465 2387 2571 2448; x_wconf 79' lang='lat' dir='ltr'><strong>Ve-</strong></span> 
     </span>
     <span class='ocr_line' id='line_1_20' title="bbox 380 2487 2581 2572; baseline 0.001 -17"><span class='ocrx_word' id='word_1_196' title='bbox 380 2512 580 2555; x_wconf 74' lang='lat' dir='ltr'><strong>neram</strong></span> <span class='ocrx_word' id='word_1_197' title='bbox 619 2512 688 2555; x_wconf 85' lang='lat' dir='ltr'><strong>ac</strong></span> <span class='ocrx_word' id='word_1_198' title='bbox 729 2494 1034 2556; x_wconf 72' lang='lat' dir='ltr'><strong>hbidinm</strong></span> <span class='ocrx_word' id='word_1_199' title='bbox 1073 2489 1274 2555; x_wconf 86' lang='lat' dir='ltr'><strong>otiose</strong></span> <span class='ocrx_word' id='word_1_200' title='bbox 1305 2489 1474 2555; x_wconf 87' lang='lat' dir='ltr'><strong>idem</strong></span> <span class='ocrx_word' id='word_1_201' title='bbox 1503 2489 1599 2555; x_wconf 84' lang='lat' dir='ltr'><strong>bis</strong></span> <span class='ocrx_word' id='word_1_202' title='bbox 1642 2487 1977 2571; x_wconf 82' lang='lat' dir='ltr'><strong>significari</strong></span> <span class='ocrx_word' id='word_1_203' title='bbox 2019 2488 2335 2557; x_wconf 87' lang='lat' dir='ltr'><strong>iudicante</strong></span> <span class='ocrx_word' id='word_1_204' title='bbox 2378 2508 2581 2572; x_wconf 89' lang='lat' dir='ltr'><strong>eaque</strong></span> 
     </span>
     <span class='ocr_line' id='line_1_21' title="bbox 383 2597 2576 2678; baseline 0.001 -15"><span class='ocrx_word' id='word_1_205' title='bbox 383 2597 466 2663; x_wconf 86' lang='lat' dir='ltr'><strong>de</strong></span> <span class='ocrx_word' id='word_1_206' title='bbox 511 2616 580 2662; x_wconf 81' lang='lat' dir='ltr'><strong>re</strong></span> <span class='ocrx_word' id='word_1_207' title='bbox 623 2614 707 2663; x_wconf 87' lang='lat' dir='ltr'><strong>ex</strong></span> <span class='ocrx_word' id='word_1_208' title='bbox 759 2598 1190 2678; x_wconf 86' lang='lat' dir='ltr'><strong>superioribus</strong></span> <span class='ocrx_word' id='word_1_209' title='bbox 1247 2598 1624 2666; x_wconf 82' lang='lat' dir='ltr'><strong>editionibus</strong></span> <span class='ocrx_word' id='word_1_210' title='bbox 1666 2609 1927 2665; x_wconf 74' lang='lat' dir='ltr'><strong>ventrem</strong></span> <span class='ocrx_word' id='word_1_211' title='bbox 1964 2604 2313 2666; x_wconf 85' lang='lat' dir='ltr'><strong>revocante.</strong></span> <span class='ocrx_word' id='word_1_212' title='bbox 2426 2601 2576 2666; x_wconf 87' lang='lat' dir='ltr'><strong>Iure</strong></span> 
     </span>
     <span class='ocr_line' id='line_1_22' title="bbox 384 2706 2577 2789; baseline -0 -16"><span class='ocrx_word' id='word_1_213' title='bbox 384 2706 578 2773; x_wconf 85' lang='lat' dir='ltr'><strong>etiam</strong></span> <span class='ocrx_word' id='word_1_214' title='bbox 621 2711 881 2788; x_wconf 81' lang='lat' dir='ltr'><strong>propter</strong></span> <span class='ocrx_word' id='word_1_215' title='bbox 933 2706 1126 2773; x_wconf 83' lang='lat' dir='ltr'><strong>verba</strong></span> <span class='ocrx_word' id='word_1_216' title='bbox 1170 2706 1609 2773; x_wconf 82' lang='lat' dir='ltr'><strong>antecedentia</strong></span> <span class='ocrx_word' id='word_1_217' title='bbox 1650 2718 1856 2774; x_wconf 79' lang='lat' dir='ltr'><strong>errant</strong></span> <span class='ocrx_word' id='word_1_218' title='bbox 1898 2713 1964 2773; x_wconf 89' lang='lat' dir='ltr'><strong>et</strong></span> <span class='ocrx_word' id='word_1_219' title='bbox 1996 2718 2246 2789; x_wconf 74' lang='lat' dir='ltr'><strong>peceant</strong></span> <span class='ocrx_word' id='word_1_220' title='bbox 2300 2709 2577 2775; x_wconf 84' lang='lat' dir='ltr'><strong>correxit</strong></span> 
     </span>
     <span class='ocr_line' id='line_1_23' title="bbox 380 2814 2575 2898; baseline -0 -16"><span class='ocrx_word' id='word_1_221' title='bbox 380 2822 544 2882; x_wconf 77' lang='lat' dir='ltr'><strong>tabes</strong></span> <span class='ocrx_word' id='word_1_222' title='bbox 581 2816 648 2880; x_wconf 90' lang='lat' dir='ltr'><strong>in</strong></span> <span class='ocrx_word' id='word_1_223' title='bbox 691 2822 873 2891; x_wconf 76' lang='lat' dir='ltr'><strong>labes,</strong></span> <span class='ocrx_word' id='word_1_224' title='bbox 915 2815 993 2881; x_wconf 89' lang='lat' dir='ltr'><strong>de</strong></span> <span class='ocrx_word' id='word_1_225' title='bbox 1033 2832 1162 2897; x_wconf 86' lang='lat' dir='ltr'><strong>qua</strong></span> <span class='ocrx_word' id='word_1_226' title='bbox 1214 2834 1366 2881; x_wconf 81' lang='lat' dir='ltr'><strong>voce</strong></span> <span class='ocrx_word' id='word_1_227' title='bbox 1405 2814 1714 2894; x_wconf 76' lang='lat' dir='ltr'><strong>conferaS,</strong></span> <span class='ocrx_word' id='word_1_228' title='bbox 1768 2818 1822 2882; x_wconf 87' lang='lat' dir='ltr'><strong>si</strong></span> <span class='ocrx_word' id='word_1_229' title='bbox 1867 2816 2077 2898; x_wconf 87' lang='lat' dir='ltr'><strong>placet</strong></span> <span class='ocrx_word' id='word_1_230' title='bbox 2128 2817 2212 2882; x_wconf 56' lang='lat' dir='ltr'><strong>di,</strong></span> <span class='ocrx_word' id='word_1_231' title='bbox 2256 2816 2342 2883; x_wconf 89' lang='lat' dir='ltr'><strong>VI</strong></span> <span class='ocrx_word' id='word_1_232' title='bbox 2385 2818 2485 2897; x_wconf 88' lang='grc'><strong>22,</strong></span> <span class='ocrx_word' id='word_1_233' title='bbox 2534 2820 2575 2882; x_wconf 85' lang='grc'><strong>2</strong></span> 
     </span>
     <span class='ocr_line' id='line_1_24' title="bbox 380 2930 2545 2991; baseline -0 -1"><span class='ocrx_word' id='word_1_234' title='bbox 380 2930 566 2990; x_wconf 72' lang='lat' dir='ltr'><strong>unioni</strong></span> <span class='ocrx_word' id='word_1_235' title='bbox 605 2930 766 2990; x_wconf 66' lang='lat' dir='ltr'><strong>mine</strong></span> <span class='ocrx_word' id='word_1_236' title='bbox 806 2930 982 2991; x_wconf 73' lang='lat' dir='ltr'><strong>labes.</strong></span> <span class='ocrx_word' id='word_1_237' title='bbox 2539 2934 2545 2943; x_wconf 89' lang='lat'><em>&#39;</em></span> 
     </span>
    </p>
   </div>
   <div class='ocr_carea' id='block_1_3' title="bbox 1426 3224 1537 3291">
    <p class='ocr_par' dir='ltr' id='par_1_4' title="bbox 1426 3224 1537 3291">
     <span class='ocr_line' id='line_1_25' title="bbox 1426 3224 1537 3291; baseline 0.009 -1"><span class='ocrx_word' id='word_1_238' title='bbox 1426 3224 1537 3291; x_wconf 92' lang='lat' dir='ltr'><strong>IV.</strong></span> 
     </span>
    </p>
   </div>
   <div class='ocr_carea' id='block_1_4' title="bbox 329 3358 2577 3873">
    <p class='ocr_par' dir='ltr' id='par_1_5' title="bbox 329 3358 2577 3873">
     <span class='ocr_line' id='line_1_26' title="bbox 582 3358 2568 3439; baseline -0.002 -15"><span class='ocrx_word' id='word_1_239' title='bbox 582 3360 1013 3427; x_wconf 79' lang='lat' dir='ltr'><strong>Transeamus</strong></span> <span class='ocrx_word' id='word_1_240' title='bbox 1057 3359 1138 3424; x_wconf 86' lang='lat' dir='ltr'><strong>ad</strong></span> <span class='ocrx_word' id='word_1_241' title='bbox 1163 3358 1486 3425; x_wconf 83' lang='lat' dir='ltr'><strong>adiectiva</strong></span> <span class='ocrx_word' id='word_1_242' title='bbox 1518 3364 1715 3439; x_wconf 85' lang='lat' dir='ltr'><strong>atque</strong></span> <span class='ocrx_word' id='word_1_243' title='bbox 1738 3364 1992 3425; x_wconf 85' lang='lat' dir='ltr'><strong>servato</strong></span> <span class='ocrx_word' id='word_1_244' title='bbox 2034 3358 2251 3423; x_wconf 83' lang='lat' dir='ltr'><strong>ordine</strong></span> <span class='ocrx_word' id='word_1_245' title='bbox 2294 3358 2568 3439; x_wconf 87' lang='lat' dir='ltr'><strong>primum</strong></span> 
     </span>
     <span class='ocr_line' id='line_1_27' title="bbox 378 3465 2574 3534; baseline -0 0"><span class='ocrx_word' id='word_1_246' title='bbox 378 3467 456 3534; x_wconf 86' lang='lat' dir='ltr'><strong>de</strong></span> <span class='ocrx_word' id='word_1_247' title='bbox 501 3466 858 3533; x_wconf 84' lang='lat' dir='ltr'><strong>notionibus</strong></span> <span class='ocrx_word' id='word_1_248' title='bbox 885 3467 1214 3534; x_wconf 83' lang='lat' dir='ltr'><strong>contrariis</strong></span> <span class='ocrx_word' id='word_1_249' title='bbox 1244 3466 1643 3533; x_wconf 78' lang='lat' dir='ltr'><strong>disseramus,</strong></span> <span class='ocrx_word' id='word_1_250' title='bbox 1726 3465 2037 3533; x_wconf 88' lang='lat' dir='ltr'><strong>Nolumus</strong></span> <span class='ocrx_word' id='word_1_251' title='bbox 2064 3473 2281 3533; x_wconf 87' lang='lat' dir='ltr'><strong>tamen</strong></span> <span class='ocrx_word' id='word_1_252' title='bbox 2325 3484 2574 3533; x_wconf 90' lang='lat' dir='ltr'><strong>omnem</strong></span> 
     </span>
     <span class='ocr_line' id='line_1_28' title="bbox 329 3568 2577 3656; baseline -0 -15"><span class='ocrx_word' id='word_1_253' title='bbox 329 3568 344 3580; x_wconf 83' lang='lat'>&#39;</span> <span class='ocrx_word' id='word_1_254' title='bbox 379 3593 708 3642; x_wconf 88' lang='lat' dir='ltr'><strong>numerum</strong></span> <span class='ocrx_word' id='word_1_255' title='bbox 751 3574 1088 3654; x_wconf 80' lang='lat' dir='ltr'><strong>effundere,</strong></span> <span class='ocrx_word' id='word_1_256' title='bbox 1133 3593 1277 3642; x_wconf 80' lang='lat' dir='ltr'><strong>cuin</strong></span> <span class='ocrx_word' id='word_1_257' title='bbox 1299 3575 1423 3641; x_wconf 86' lang='lat' dir='ltr'><strong>iam</strong></span> <span class='ocrx_word' id='word_1_258' title='bbox 1470 3592 1665 3656; x_wconf 89' lang='lat' dir='ltr'><strong>supra</strong></span> <span class='ocrx_word' id='word_1_259' title='bbox 1707 3574 1771 3639; x_wconf 92' lang='lat' dir='ltr'><strong>in</strong></span> <span class='ocrx_word' id='word_1_260' title='bbox 1813 3575 2030 3641; x_wconf 86' lang='lat' dir='ltr'><strong>ordine</strong></span> <span class='ocrx_word' id='word_1_261' title='bbox 2061 3576 2384 3641; x_wconf 88' lang='lat' dir='ltr'><strong>nominum</strong></span> <span class='ocrx_word' id='word_1_262' title='bbox 2426 3576 2577 3641; x_wconf 87' lang='lat' dir='ltr'><strong>sub-</strong></span> 
     </span>
     <span class='ocr_line' id='line_1_29' title="bbox 379 3683 2565 3767; baseline -0.002 -15"><span class='ocrx_word' id='word_1_263' title='bbox 379 3686 796 3752; x_wconf 81' lang='lat' dir='ltr'><strong>stantivorum</strong></span> <span class='ocrx_word' id='word_1_264' title='bbox 839 3686 1160 3765; x_wconf 84' lang='lat' dir='ltr'><strong>complura</strong></span> <span class='ocrx_word' id='word_1_265' title='bbox 1203 3686 1489 3767; x_wconf 84' lang='lat' dir='ltr'><strong>exempla</strong></span> <span class='ocrx_word' id='word_1_266' title='bbox 1532 3690 1833 3767; x_wconf 85' lang='lat' dir='ltr'><strong>congesta</strong></span> <span class='ocrx_word' id='word_1_267' title='bbox 1872 3684 2026 3763; x_wconf 81' lang='lat' dir='ltr'><strong>sint3</strong></span> <span class='ocrx_word' id='word_1_268' title='bbox 2074 3700 2151 3749; x_wconf 88' lang='lat' dir='ltr'><strong>ne</strong></span> <span class='ocrx_word' id='word_1_269' title='bbox 2194 3702 2271 3750; x_wconf 89' lang='lat' dir='ltr'><strong>ea</strong></span> <span class='ocrx_word' id='word_1_270' title='bbox 2314 3683 2565 3764; x_wconf 87' lang='lat' dir='ltr'><strong>quidem</strong></span> 
     </span>
     <span class='ocr_line' id='line_1_30' title="bbox 379 3792 2567 3873; baseline -0 -15"><span class='ocrx_word' id='word_1_271' title='bbox 379 3792 790 3860; x_wconf 83' lang='lat' dir='ltr'><strong>describendo</strong></span> <span class='ocrx_word' id='word_1_272' title='bbox 837 3794 1167 3858; x_wconf 83' lang='lat' dir='ltr'><strong>enuntiata</strong></span> <span class='ocrx_word' id='word_1_273' title='bbox 1219 3792 1279 3857; x_wconf 91' lang='lat' dir='ltr'><strong>in</strong></span> <span class='ocrx_word' id='word_1_274' title='bbox 1327 3792 1555 3873; x_wconf 90' lang='lat' dir='ltr'><strong>quibus</strong></span> <span class='ocrx_word' id='word_1_275' title='bbox 1604 3792 1729 3857; x_wconf 91' lang='lat' dir='ltr'><strong>duo</strong></span> <span class='ocrx_word' id='word_1_276' title='bbox 1784 3792 1971 3859; x_wconf 88' lang='lat' dir='ltr'><strong>huius</strong></span> <span class='ocrx_word' id='word_1_277' title='bbox 2027 3797 2215 3859; x_wconf 86' lang='lat' dir='ltr'><strong>notae</strong></span> <span class='ocrx_word' id='word_1_278' title='bbox 2258 3792 2567 3859; x_wconf 84' lang='lat' dir='ltr'><strong>adiectiva</strong></span> 
     </span>
    </p>
   </div>
   <div class='ocr_carea' id='block_1_5' title="bbox 246 3900 2565 3983">
    <p class='ocr_par' dir='ltr' id='par_1_6' title="bbox 246 3900 2565 3983">
     <span class='ocr_line' id='line_1_31' title="bbox 246 3900 2565 3983; baseline -0.001 -16"><span class='ocrx_word' id='word_1_279' title='bbox 246 3934 250 3940; x_wconf 94' lang='lat'>·</span> <span class='ocrx_word' id='word_1_280' title='bbox 378 3903 613 3967; x_wconf 86' lang='lat' dir='ltr'><strong>nomini</strong></span> <span class='ocrx_word' id='word_1_281' title='bbox 641 3902 1036 3967; x_wconf 83' lang='lat' dir='ltr'><strong>substantivo</strong></span> <span class='ocrx_word' id='word_1_282' title='bbox 1055 3901 1346 3983; x_wconf 84' lang='lat' dir='ltr'><strong>adposita</strong></span> <span class='ocrx_word' id='word_1_283' title='bbox 1381 3907 1550 3980; x_wconf 82' lang='lat' dir='ltr'><strong>sunt,</strong></span> <span class='ocrx_word' id='word_1_284' title='bbox 1594 3900 1763 3981; x_wconf 87' lang='lat' dir='ltr'><strong>quod</strong></span> <span class='ocrx_word' id='word_1_285' title='bbox 1806 3900 1879 3966; x_wconf 89' lang='lat' dir='ltr'><strong>fit</strong></span> <span class='ocrx_word' id='word_1_286' title='bbox 1921 3904 2005 3967; x_wconf 82' lang='lat'><strong>30</strong></span> <span class='ocrx_word' id='word_1_287' title='bbox 2026 3900 2159 3967; x_wconf 83' lang='lat' dir='ltr'><strong>fere</strong></span> <span class='ocrx_word' id='word_1_288' title='bbox 2186 3900 2356 3981; x_wconf 87' lang='lat' dir='ltr'><strong>locis,</strong></span> <span class='ocrx_word' id='word_1_289' title='bbox 2404 3907 2565 3967; x_wconf 88' lang='lat' dir='ltr'><strong>tem·</strong></span> 
     </span>
    </p>
   </div>
   <div class='ocr_carea' id='block_1_6' title="bbox 375 4008 2567 4417">
    <p class='ocr_par' dir='ltr' id='par_1_7' title="bbox 378 4008 2567 4093">
     <span class='ocr_line' id='line_1_32' title="bbox 378 4008 2567 4093; baseline -0 -17"><span class='ocrx_word' id='word_1_290' title='bbox 378 4028 496 4093; x_wconf 84' lang='lat' dir='ltr'><strong>pus</strong></span> <span class='ocrx_word' id='word_1_291' title='bbox 533 4028 991 4077; x_wconf 84' lang='lat' dir='ltr'><strong>consumemus.</strong></span> <span class='ocrx_word' id='word_1_292' title='bbox 1056 4008 1306 4075; x_wconf 87' lang='lat' dir='ltr'><strong>Sufficit</strong></span> <span class='ocrx_word' id='word_1_293' title='bbox 1327 4013 1532 4076; x_wconf 90' lang='lat' dir='ltr'><strong>totum</strong></span> <span class='ocrx_word' id='word_1_294' title='bbox 1561 4008 1681 4075; x_wconf 90' lang='lat' dir='ltr'><strong>hoc</strong></span> <span class='ocrx_word' id='word_1_295' title='bbox 1704 4026 1905 4089; x_wconf 84' lang='lat' dir='ltr'><strong>genus</strong></span> <span class='ocrx_word' id='word_1_296' title='bbox 1925 4011 2143 4091; x_wconf 82' lang='lat' dir='ltr'><strong>paucis</strong></span> <span class='ocrx_word' id='word_1_297' title='bbox 2174 4009 2567 4075; x_wconf 87' lang='lat' dir='ltr'><strong>inlustrasse.</strong></span> 
     </span>
    </p>

    <p class='ocr_par' dir='ltr' id='par_1_8' title="bbox 375 4100 2567 4417">
     <span class='ocr_line' id='line_1_33' title="bbox 582 4100 2567 4199; baseline -0.001 -16"><span class='ocrx_word' id='word_1_298' title='bbox 582 4100 992 4197; x_wconf 73' lang='lat' dir='ltr'><strong>componitur</strong></span> <span class='ocrx_word' id='word_1_299' title='bbox 1013 4117 1334 4183; x_wconf 80' lang='lat' dir='ltr'><strong>interdum</strong></span> <span class='ocrx_word' id='word_1_300' title='bbox 1364 4134 1543 4199; x_wconf 89' lang='lat' dir='ltr'><strong>pron.</strong></span> <span class='ocrx_word' id='word_1_301' title='bbox 1568 4134 1737 4199; x_wconf 78' lang='lat' dir='ltr'><strong>poss,</strong></span> <span class='ocrx_word' id='word_1_302' title='bbox 1768 4123 1835 4183; x_wconf 89' lang='lat' dir='ltr'><strong>et</strong></span> <span class='ocrx_word' id='word_1_303' title='bbox 1864 4116 2241 4182; x_wconf 84' lang='lat' dir='ltr'><strong>adiectivum</strong></span> <span class='ocrx_word' id='word_1_304' title='bbox 2274 4115 2567 4197; x_wconf 68' lang='lat' dir='ltr'><strong>alienwm3</strong></span> 
     </span>
     <span class='ocr_line' id='line_1_34' title="bbox 377 4225 2565 4310; baseline 0 -19"><span class='ocrx_word' id='word_1_305' title='bbox 377 4228 466 4294; x_wconf 85' lang='lat' dir='ltr'><strong>sic</strong></span> <span class='ocrx_word' id='word_1_306' title='bbox 501 4248 672 4293; x_wconf 70' lang='lat' dir='ltr'><strong>suam</strong></span> <span class='ocrx_word' id='word_1_307' title='bbox 713 4233 1020 4307; x_wconf 67' lang='lat' dir='ltr'><strong>auenamq.</strong></span> <span class='ocrx_word' id='word_1_308' title='bbox 1063 4232 1368 4291; x_wconf 71' lang='lat' dir='ltr'><strong>libidinem</strong></span> <span class='ocrx_word' id='word_1_309' title='bbox 1417 4244 1517 4307; x_wconf 80' lang='lat' dir='ltr'><strong>ep.</strong></span> <span class='ocrx_word' id='word_1_310' title='bbox 1560 4226 1663 4310; x_wconf 84' lang='lat'>99,</span> <span class='ocrx_word' id='word_1_311' title='bbox 1710 4226 1809 4292; x_wconf 86' lang='lat'><strong>13.</strong></span> <span class='ocrx_word' id='word_1_312' title='bbox 1857 4226 1983 4291; x_wconf 92' lang='lat' dir='ltr'><strong>huc</strong></span> <span class='ocrx_word' id='word_1_313' title='bbox 2036 4226 2352 4292; x_wconf 84' lang='lat' dir='ltr'><strong>accedunt</strong></span> <span class='ocrx_word' id='word_1_314' title='bbox 2388 4226 2447 4292; x_wconf 89' lang='lat' dir='ltr'><strong>d.</strong></span> <span class='ocrx_word' id='word_1_315' title='bbox 2490 4225 2565 4292; x_wconf 87' lang='lat' dir='ltr'><strong>cl.</strong></span> 
     </span>
     <span class='ocr_line' id='line_1_35' title="bbox 375 4329 1691 4417; baseline -0.004 -14"><span class='ocrx_word' id='word_1_316' title='bbox 375 4337 409 4403; x_wconf 94' lang='lat'>1</span> <span class='ocrx_word' id='word_1_317' title='bbox 457 4338 510 4417; x_wconf 92' lang='lat'>1,</span> <span class='ocrx_word' id='word_1_318' title='bbox 557 4337 612 4401; x_wconf 93' lang='lat'><strong>1.</strong></span> <span class='ocrx_word' id='word_1_319' title='bbox 657 4329 742 4400; x_wconf 86' lang='lat' dir='ltr'><strong>di.</strong></span> <span class='ocrx_word' id='word_1_320' title='bbox 782 4336 884 4400; x_wconf 94' lang='lat' dir='ltr'><strong>III</strong></span> <span class='ocrx_word' id='word_1_321' title='bbox 931 4336 1032 4415; x_wconf 83' lang='lat'>16,</span> <span class='ocrx_word' id='word_1_322' title='bbox 1068 4336 1129 4400; x_wconf 83' lang='lat'><strong>3.</strong></span> <span class='ocrx_word' id='word_1_323' title='bbox 1173 4352 1244 4399; x_wconf 88' lang='lat' dir='ltr'><strong>n.·</strong></span> <span class='ocrx_word' id='word_1_324' title='bbox 1279 4351 1339 4416; x_wconf 89' lang='lat' dir='ltr'><strong>q.</strong></span> <span class='ocrx_word' id='word_1_325' title='bbox 1383 4332 1439 4398; x_wconf 94' lang='lat' dir='ltr'><strong>V</strong></span> <span class='ocrx_word' id='word_1_326' title='bbox 1487 4334 1585 4415; x_wconf 89' lang='lat'><strong>18,</strong></span> <span class='ocrx_word' id='word_1_327' title='bbox 1630 4334 1691 4399; x_wconf 89' lang='lat'><strong>9.</strong></span> 
     </span>
    </p>
   </div>
  </div>
 </body>
</html>
