3009 5000
1541 397 1625 464 44

499 598 682 663 modo
726 599 1055 664 coniuncta
1095 603 1247 664 sunt
1282 617 1378 682 ep.
1407 602 1546 680 120,
1597 602 1691 666 16.
1737 619 1798 665 n.
1823 621 1881 683 q.
1910 600 1941 664 I
1972 605 2031 683 2,
2058 603 2114 665 9.
2157 599 2330 666 di.X
2374 599 2471 678 12,
2514 600 2573 662 3.
2614 593 2677 661 d.

495 707 554 773 b.
600 707 692 774 VI
733 709 834 787 31,
883 710 938 773 7.
999 708 1058 773 d.
1097 709 1173 774 cl.
1215 709 1246 772 I
1287 709 1346 786 7,
1390 711 1446 774 2.
1537 709 1623 774 At
1666 728 1761 790 ep.
1809 711 1908 789 52,
1959 711 2037 775 13
2080 728 2221 774 cum
2266 707 2485 791 optimi
2514 705 2679 772 codi-

495 817 584 883 cis
623 836 682 898 p.
727 816 848 883 fide
887 817 1309 884 destituamur
1350 838 1464 885 nec
1508 821 1698 886 ceteri
1740 822 1907 886 inter
1948 837 2018 886 se
2062 817 2476 895 consentiant,
2524 815 2679 897 quid

495 926 846 992 scribamus
885 927 949 991 in
989 927 1176 993 dubio
1219 928 1573 995 haeremus.
1657 927 2149 994 Praeferendum
2191 932 2403 992 tamen
2431 925 2684 991 videtur

495 1036 665 1117 quod
707 1035 832 1103 iam
877 1035 1428 1119 Schweighaeuser
1476 1037 1675 1104 edidit
1733 1038 2023 1119 quodque
2070 1034 2338 1117 simplici
2371 1035 2527 1101 stilo
2572 1052 2685 1116 ap-
2740 1087 2747 1092 .

495 1141 814 1210 tissimum
857 1147 954 1208 est
990 1149 1126 1210 hinc
1165 1154 1340 1224 atque
1376 1151 1543 1211 illisne
2180 1221 2189 1232 .

693 1259 828 1318 mne
869 1263 926 1318 et
961 1259 1128 1318 minc
1167 1271 1264 1335 ep.
1313 1256 1411 1334 13,
1459 1255 1527 1336 13
1568 1260 1704 1319 hino
1744 1261 1908 1320 illinc
1950 1252 2032 1320 di.
2079 1253 2200 1319 V11
2247 1255 2347 1334 25,
2394 1255 2453 1318 3.

694 1369 829 1428 hinc
873 1373 928 1428 et
967 1369 1105 1428 mdo
1149 1381 1207 1429 n.
1248 1382 1309 1447 q.
1355 1363 1454 1429 111
1502 1366 1599 1444 16,
1644 1366 1703 1429 4.

695 1477 806 1536 huo
846 1481 900 1536 et
938 1479 1078 1538 illuc
1121 1471 1180 1538 d.
1221 1471 1278 1538 b.
1304 1473 1388 1538 VI
1431 1475 1490 1548 2,
1536 1475 1594 1538 2.
1656 1490 1751 1555 ep.
1774 1472 1872 1552 74,
1918 1475 1975 1537 3.
2038 1471 2197 1537 di.X
2242 1473 2297 1550 7,
2348 1473 2443 1538 10.
2512 1471 2593 1537 di.
2621 1471 2686 1536 X

585 1581 690 1664 12,
725 1581 784 1644 6.
850 1599 910 1646 n.
956 1599 1014 1660 q.
1057 1580 1145 1646 VI
1187 1583 1294 1659 23,
1334 1583 1390 1646 4.

693 1695 804 1754 huc
847 1698 1020 1770 atque
1059 1695 1204 1756 illuc
1243 1689 1322 1754 di.
1367 1689 1491 1754 XII
1538 1691 1632 1769 11,
1681 1691 1739 1754 7.
1804 1709 1903 1770 ep.
1947 1691 2049 1770 56,
2093 1691 2149 1754 7.
2217 1707 2313 1770 ep.
2358 1689 2459 1769 90,
2505 1690 2605 1755 24.

696 1803 806 1864 huc
847 1805 990 1864 illuc
1032 1799 1089 1864 d.
1133 1798 1191 1863 b.
1234 1799 1292 1864 V
1333 1799 1433 1878 25,
1479 1800 1536 1864 5.
1608 1817 1703 1882 ep.
1748 1801 1848 1878 28,
1891 1801 1949 1864 3.

697 1906 910 1973 Tertia
979 1906 1253 1974 formula
1317 1907 1396 1972 ab
1469 1927 1684 1974 errore
1748 1907 2061 1975 editorum
2130 1905 2503 1973 vindicanda
2569 1911 2687 1973 est.

501 2014 660 2080 Miro
727 2017 892 2082 enim
957 2016 1139 2082 modo
1179 2016 1538 2098 ubicunque
1580 2025 1685 2084 hoc
1734 2022 1800 2082 et
1844 2023 1948 2084 illo
1990 2017 2321 2082 coniuncta
2363 2016 2689 2098 leguntur,

499 2125 773 2206 genuina
807 2124 930 2192 hac
969 2129 1166 2209 atque
1210 2126 1527 2192 tralaticia
1567 2126 1833 2192 lectione
1872 2126 2107 2192 reiecta
2147 2123 2373 2191 falsam
2412 2123 2689 2190 formam

499 2241 610 2299 huc
672 2233 944 2300 Senecae
1009 2234 1448 2317 adsignarunt.
1576 2235 1826 2302 Primus
1894 2235 2175 2302 codicum
2239 2232 2690 2300 auctoritatem

499 2341 782 2410 defendit
847 2342 1140 2411 Gertzius
1181 2345 1240 2410 d.
1280 2344 1340 2410 b.
1388 2345 1442 2409 V
1487 2346 1545 2425 6,
1592 2346 1651 2425 5,
1711 2345 1901 2427 plura
1965 2335 2155 2410 huius
2201 2361 2355 2409 usus
2399 2342 2695 2424 exempla

501 2467 570 2515 se
613 2447 842 2513 vidisse
901 2448 965 2513 in
1029 2450 1437 2517 adnotatione
1503 2452 1759 2518 addens
1846 2451 1977 2518 Neo
2044 2449 2161 2517 ulli
2228 2450 2695 2518 dubitationem

497 2575 933 2623 remansuram
993 2564 1149 2641 puto
1208 2560 1314 2641 qui
1365 2560 1534 2627 hunc
1575 2578 1905 2626 numerum
1949 2562 2394 2643 percensuerit.
2480 2558 2691 2627 Naza-

498 2666 658 2731 riani
724 2667 919 2749 igitur
978 2669 1205 2735 codicis
1269 2670 1623 2735 testimonio
1685 2670 2026 2736 adiuvatur
2089 2668 2273 2735 lectio
2324 2677 2429 2737 hoc
2489 2680 2545 2736 et
2586 2677 2694 2736 illo

497 2777 557 2841 d.
604 2775 662 2843 b.
709 2776 766 2841 V
811 2779 868 2855 6,
915 2779 973 2843 5.
1060 2779 1221 2843 Item
1266 2786 1370 2846 hoc
1411 2790 1465 2845 et
1499 2786 1600 2845 illo
1649 2778 1805 2845 adeo
1847 2798 2061 2845 omnes
2106 2779 2355 2845 codices
2390 2779 2693 2845 exhibere

502 2886 653 2953 dicit
695 2886 1028 2953 Fickertus
1081 2908 1174 2970 ep.
1221 2889 1323 2969 84,
1368 2892 1424 2953 2.
1578 2898 1582 2905 ’

396 2979 400 2983 ’
697 3002 804 3061 hoc
861 3006 1034 3075 atque
1088 3004 1191 3062 illo
1251 3001 1348 3063 est
1407 3016 1466 3061 n.
1515 3015 1570 3077 q.
1618 2998 1707 3063 VI
1755 2999 1851 3075 14,
1896 3000 1955 3062 4.
1996 3015 2121 3080 quo
2173 2999 2313 3063 loco
2371 2996 2523 3063 licet
2566 3014 2695 3061 non

585 3106 768 3185 plene
809 3111 1160 3185 congruant
1202 3104 1252 3169 B
1303 3111 1368 3171 et
1411 3106 1483 3183 E,
1532 3106 1594 3170 in
1632 3112 1737 3172 hoc
1779 3111 1992 3171 tamen
2034 3106 2385 3186 concinunt,
2432 3106 2485 3169 E
2521 3106 2691 3171 enim

589 3213 856 3295 praebet
897 3220 1004 3279 hoc
1045 3222 1219 3293 atque
1257 3219 1381 3289 illo,
1427 3213 1475 3277 Β
1505 3196 1623 3279 ΙῙιοο
1666 3223 1839 3294 atque
1880 3220 2039 3280 illuc.

699 3321 897 3402 Opem
959 3326 1294 3402 praeterea
1353 3320 1531 3387 nobis
1572 3319 1789 3385 ferunt
1831 3321 1953 3414 loci
1990 3322 2136 3402 du0,
2179 3341 2239 3387 n.
2288 3340 2347 3402 q.
2392 3322 2454 3387 II
2503 3324 2601 3402 11,
2646 3324 2689 3386 2

499 3441 605 3497 aut
643 3438 751 3497 hoc
789 3440 891 3496 aut
932 3437 1053 3507 illo,
1094 3436 1165 3495 ut
1209 3431 1269 3494 in
1312 3428 1368 3493 E
1413 3436 1479 3495 et
1508 3430 1579 3509 B,
1624 3435 1690 3495 et
1718 3448 1777 3494 n.
1807 3446 1868 3511 q.
1900 3428 1956 3495 V
1991 3432 2046 3513 1,
2092 3432 2124 3495 1
2163 3454 2348 3511 neque
2374 3438 2477 3497 hoc
2504 3454 2691 3511 neque

497 3546 618 3617 illo,
663 3545 737 3605 ut
777 3541 841 3603 in
884 3539 940 3604 E
979 3541 1234 3621 legitur,
1279 3541 1501 3604 contra
1546 3540 1598 3603 B
1648 3538 1839 3604 habet
1883 3560 1989 3605 nec
2028 3546 2133 3605 hoc
2174 3562 2279 3606 neo
2321 3544 2443 3604 illo.

701 3648 798 3716 Ne
853 3648 1011 3714 illud
1066 3649 1319 3728 quidem
1365 3666 1482 3730 ego
1527 3647 1991 3719 adfirmaverim
2036 3655 2141 3714 hoc
2180 3646 2450 3713 formam
2492 3666 2693 3713 remo-

500 3760 767 3825 vendam
837 3777 976 3825 esse
1041 3758 1148 3823 ubi
1211 3758 1517 3823 auxilium
1576 3776 1701 3823 non
1742 3759 1960 3842 capiat
2008 3742 2087 3823 ex
2131 3758 2347 3824 addito
2391 3756 2696 3823 vocabulo

502 3868 718 3935 altero,
846 3867 1010 3933 Nam
1075 3870 1363 3950 quamvis
1428 3887 1489 3932 n.
1536 3885 1595 3948 q.
1641 3867 1761 3933 VII
1807 3869 1916 3947 21,
1968 3870 2009 3932 4
2062 3867 2368 3933 traditum
2437 3867 2521 3932 sit
2583 3873 2697 3932 huc

501 3985 698 4059 itaque
740 3984 1050 4053 descendit,
1095 3982 1162 4041 et
1204 3995 1265 4041 n.
1308 3996 1368 4059 q.
1413 3976 1510 4041 111
1554 3978 1651 4057 18,
1697 3978 1736 4040 3
1782 3983 1893 4042 huc
1932 3982 2263 4055 adferatur,
2308 3980 2523 4041 tamen
2566 3983 2690 4055 hoc,
2752 3964 2755 3968 ’

501 4104 627 4153 non
667 4094 777 4153 huc
822 4086 885 4150 in
927 4086 1106 4153 codd.
1153 4092 1253 4151 est
1297 4085 1378 4149 di.
1422 4086 1511 4151 VI
1559 4088 1654 4164 11,
1702 4088 1741 4149 2
1781 4092 1887 4151 hoc
1920 4090 2104 4161 vadit,
2152 4086 2427 4166 itemque
2469 4084 2551 4149 di.
2595 4083 2690 4149 IX

503 4197 560 4273 9,
594 4197 634 4260 6
678 4202 972 4260 honestius
998 4202 1104 4262 hoc
1127 4193 1199 4279 (i.
1225 4213 1278 4260 e.
1303 4194 1366 4258 in
1396 4193 1851 4276 comparandos
1871 4193 2091 4273 libros)
2112 4217 2173 4258 se
2200 4202 2497 4273 impensae
2519 4216 2698 4273 quam

497 4310 564 4369 in
607 4308 912 4369 Corinthia
949 4310 1256 4383 pictasque
1305 4308 1536 4369 tabulas
1585 4308 1915 4381 effuderint.
2009 4300 2262 4384 Optime
2318 4300 2593 4383 quidem·
2630 4324 2693 4367 se
