3009 5000
1347 417 1429 482 69

301 625 582 686 amenta·
613 628 734 686 sint
761 629 1056 702 quattuor,
1094 627 1252 701 tynis
1285 641 1474 700 aquae
1515 624 1676 683 aeris
1716 627 1927 694 terrae,
1964 627 2279 697 potestates
2300 640 2487 698 pares
2612 672 2621 678 ,

305 737 392 796 his
421 742 576 810 sunt,
617 739 852 810 fervida
889 732 1120 814 friyida
1157 737 1336 796 arida
1379 741 1551 811 atque
1591 736 1849 795 hmmda.
1936 728 2153 812 Neque
2195 747 2344 794 vero
2384 727 2487 796 hic

300 838 490 906 habes
529 840 871 922 simplicem
915 843 1218 922 quattuor
1261 838 1712 904 adiectivorum
1734 837 2319 917 enumerationem,
2374 837 2486 903 sed

303 947 532 1031 duplex
593 967 713 1032 par
751 948 1076 1014 notionum
1137 948 1619 1028 contrariarum,
1686 963 1955 1027 quarum
2018 945 2259 1028 priores
2320 947 2486 1012 duae

303 1076 522 1140 parum
561 1057 892 1125 observata
931 1057 1356 1125 concinnitate
1397 1056 1705 1124 sermonis
1747 1056 1975 1138 copula
2014 1058 2248 1122 carent.

1636 1185 1643 1194 ,
1794 1156 1820 1184 ο

1284 1369 1460 1437 xm.
1516 1321 1525 1330 ’

496 1505 590 1572 Ea
631 1505 899 1588 denique
944 1506 1236 1588 exempla
1281 1507 1346 1570 in
1386 1503 1616 1586 quibus
1665 1527 1775 1584 que
1816 1501 2194 1584 quibusdam
2235 1501 2488 1570 videtur

301 1613 364 1680 in
405 1614 608 1680 locum
631 1613 986 1697 particulae
1029 1615 1470 1682 adversativae
1493 1620 1689 1697 atque
1711 1613 2144 1680 consecutivae
2166 1612 2487 1692 invasisse,

299 1725 446 1806 quia
486 1722 621 1792 fere
664 1722 871 1791 aliena
926 1729 1076 1791 sunt
1133 1744 1172 1790 a
1234 1725 1556 1809 proposito
1605 1725 1821 1789 nostro
1882 1723 2164 1789 consulto
2215 1723 2281 1786 in
2319 1721 2491 1788 calce

299 1833 494 1900 totius
561 1834 1100 1902 commentationis
1164 1834 1502 1916 posuimus.
1626 1831 1821 1898 Nobis
1880 1827 2006 1896 non
2062 1832 2155 1896 ita
2216 1830 2487 1912 videtur,

301 1961 446 2008 nam
493 1943 646 2025 quid
708 1943 787 2010 ad
850 1961 1202 2011 sermonem
1257 1943 1543 2022 latinum,
1602 1942 1659 2009 si
1720 1941 1809 2007 illi
1866 1942 2209 2008 vernacula
2269 1941 2491 2023 lingua

302 2051 506 2136 magis
554 2053 833 2118 animum
879 2054 1282 2120 advertentes
1330 2050 1412 2118 ad
1451 2051 1818 2117 interiorem
1841 2050 2299 2115 sententiarum·
2342 2067 2489 2116 con·

298 2166 548 2228 textum
592 2163 757 2228 hanc
813 2163 1121 2229 rationem
1171 2163 1374 2245 magis
1416 2161 1682 2244 exprimi
1720 2159 1983 2228 volunt?
2067 2156 2298 2224 Sensus
2344 2178 2489 2242 par-

299 2269 536 2365 ticulae
569 2287 820 2352 semper
857 2289 974 2352 par
1017 2271 1138 2337 sibi
1179 2275 1280 2336 est
1303 2287 1424 2336 nec·
1439 2268 1772 2350 copulandi
1816 2267 1971 2336 fines
2002 2266 2488 2350 transgreditur.

295 2379 541 2446 Morem
581 2385 798 2446 tamen
852 2379 978 2446 illis
1035 2397 1270 2461 geram,
1329 2382 1406 2445 ut
1444 2378 1702 2469 videant
1740 2377 2041 2445 Senecam
2084 2381 2333 2460 quoque
2376 2377 2489 2444 ali·

295 2488 592 2572 quotiens
636 2506 760 2554 non
802 2487 896 2555 ita
946 2487 1300 2556 studiosum
1357 2487 1557 2554 fuisse
1599 2487 2006 2553 accuratioris
2048 2485 2333 2554 dictionis
2376 2490 2491 2554 aut

294 2616 437 2665 esse
474 2598 767 2665 noluisse.
870 2597 1265 2664 Sententiam
1323 2597 1521 2679 igitur
1572 2597 1869 2681 negative
1912 2613 2276 2680 expressam
2315 2594 2489 2661 haud

293 2724 445 2773 raro
499 2708 787 2788 sequitur
851 2708 1248 2773 enuntiatum
1314 2704 1799 2783 adfirmativum,
1867 2705 1972 2771 ubi
2037 2706 2488 2790 oppositionem

297 2834 466 2900 quae
505 2816 670 2883 inest
726 2816 975 2882 duabus
1033 2814 1376 2895 sententiis,
1421 2814 1734 2897 particula
1776 2838 1887 2895 que
1929 2814 2245 2897 designari
2288 2814 2491 2899 suspi-

301 2925 486 2992 ceriS.
542 2924 732 2991 Cuius
773 2924 1017 3007 generis
1039 2926 1222 2991 estin
1237 2946 1470 2991 carcere
1499 2912 1771 2991 Socrates
1798 2930 2115 3003 disputavit
2145 2934 2199 2991 et
2230 2931 2391 2989 exire
2422 2958 2478 2970 —

293 3040 489 3101 notuit
527 3042 918 3115 remansitque
946 3052 1040 3116 ep.
1086 3036 1186 3110 24,
1229 3034 1288 3099 4.
1333 3033 1477 3098 Alia
1522 3033 1813 3116 exempla
1854 3033 2130 3099 invenies
2171 3051 2266 3114 ep.
2308 3033 2405 3113 59,
2434 3034 2493 3098 9.

292 3163 396 3227 ep.
444 3144 543 3225 74,
588 3145 684 3209 20.
729 3160 828 3224 ep.
871 3144 972 3223 92,
1019 3142 1119 3207 31.
1163 3140 1249 3209 di.
1293 3141 1352 3208 V
1407 3143 1505 3221 20,
1546 3143 1603 3205 2.
1656 3140 1743 3208 di.
1786 3141 1879 3207 IX
1936 3141 2034 3221 14,
2083 3142 2135 3207 1.
2180 3141 2243 3207 d.
2303 3141 2361 3207 b.
2404 3138 2494 3206 IV

297 3254 358 3332 1,
405 3253 461 3317 2.
509 3252 568 3317 d.
614 3250 671 3317 b.
717 3252 843 3319 VII
885 3252 942 3330 7,
988 3253 1047 3317 5.
1133 3248 1362 3319 Differt
1424 3254 1638 3317 autem
1705 3251 1784 3317 ab
1829 3251 1927 3319 his
1971 3251 2136 3317 'locis
2202 3268 2275 3318 eo
2320 3249 2489 3332 quod

291 3377 424 3425 non
453 3360 774 3443 praecedit
803 3360 1073 3442 negatio,
1104 3360 1268 3440 quod
1298 3360 1534 3440 legitur
1571 3379 1630 3425 n.
1662 3378 1719 3441 q.
1761 3360 1829 3426 II
1860 3362 1918 3442 6,
1966 3362 2000 3425 1
2036 3365 2189 3426 hunc
2229 3358 2494 3442 (aerem)

291 3474 542 3550 quidam
593 3491 664 3534 ex
713 3474 1070 3535 distantibus
1128 3474 1488 3547 corpusculis
1541 3478 1608 3533 ut
1655 3474 1954 3549 pulverem
2010 3478 2249 3535 struunt
2294 3474 2495 3548 pluri·

289 3599 566 3657 mumque
611 3600 652 3643 a
692 3600 828 3642 vero
863 3582 1156 3643 recedunt.
1232 3576 1468 3659 Negari
1510 3576 1761 3657 quidem
1789 3596 1913 3644 non
1959 3581 2192 3663 potest,
2226 3577 2497 3660 speciem

291 3690 496 3765 atque
532 3683 817 3750 habitum
872 3684 1099 3749 horum
1142 3684 1426 3749 locorum
1477 3684 1679 3750 talem
1721 3702 1874 3765 esse,
1940 3686 2047 3767 qui
2099 3685 2161 3752 in
2205 3684 2497 3753 &audem

290 3793 588 3877 impellat
643 3775 919 3859 animum
969 3796 1276 3858 nostrum.
1369 3792 1430 3856 N
1431 3809 1501 3858 ec
1551 3798 1770 3859 tamen
1821 3794 2026 3861 minus
2081 3812 2296 3861 errare
2326 3813 2495 3863 ‚eum

289 3901 740 3970 confitebimur
781 3901 889 3982 qui
933 3924 1043 3983 que
1071 3901 1449 3983 particulam
1480 3903 1907 3984 copulativam
1951 3920 2068 3986 pro
2091 3903 2495 3970 adversativa

285 4030 442 4079 esse
463 4015 649 4094 putet
686 4028 878 4091 quam
913 4010 1086 4076 illum
1119 4011 1225 4092 qui
1253 4010 1669 4078 conclusionis
1698 4012 1827 4077 vim
1849 4013 1908 4077 ei
1929 4012 2174 4093 induat,
2210 4012 2378 4096 quod
2412 4030 2493 4078 ne

289 4122 666 4205 Draegerus
710 4120 964 4202 quidem
1027 4119 1256 4187 falsum
1309 4124 1733 4187 commentum
1792 4139 1929 4189 esse
1971 4125 2184 4205 negat.
2267 4122 2499 4202 Itaque

286 4229 348 4297 si
396 4229 584 4295 huius
647 4246 896 4312 quoque
959 4234 1148 4295 notae
1190 4230 1480 4312 exempla
1524 4228 1746 4309 indico,
1813 4248 1937 4297 non
2000 4229 2066 4297 id
2122 4228 2292 4296 facio
2343 4230 2492 4311 quia

287 4358 449 4408 vere
488 4358 624 4405 rem
664 4338 757 4405 ita
800 4357 868 4405 se
911 4337 1146 4405 habere
1187 4343 1424 4421 putem,
1475 4338 1587 4405 sed
1630 4340 1841 4421 potius
1885 4343 1957 4407 ut
2008 4360 2050 4407 a
2091 4339 2253 4406 falsa
2292 4339 2490 4407 inter-

279 4449 650 4532 pretatione
691 4467 768 4517 ea
802 4448 1125 4516 vindicem.
1223 4446 1350 4515 Suo
1401 4466 1551 4531 ergo
1612 4448 1873 4522 arbitrio
1923 4453 2138 4516 utetur
2200 4450 2312 4531 qui
2374 4472 2487 4532 quo
