3009 5000
1536 405 1625 496 ⁴48

612 603 688 660 di.
728 601 808 658 XI
847 605 934 675 14,
969 603 1020 659 5.
1093 619 1161 659 ac
1193 609 1363 674 prout
1399 602 1452 659 d.
1479 605 1533 658 b.
1572 603 1651 660 IV
1686 605 1773 672 32,
1810 605 1861 658 4.
1946 619 2013 660 ac
2040 604 2239 676 procul
2272 603 2327 660 d.
2370 605 2423 661 b.
2466 605 2543 660 VI
2580 605 2669 670 30,

611 701 663 754 1.
806 715 874 756 ac
908 699 1088 755 subito
1124 715 1210 769 cp.
1248 701 1333 768 79,
1375 701 1457 754 18.
1530 715 1596 756 ac
1631 715 1791 770 saepe
1824 698 1901 756 di.
1938 700 2043 755 XII
2080 703 2168 766 15,
2207 703 2261 756 4.
2296 719 2351 756 n.
2391 719 2443 771 q.
2476 701 2554 756 IV
2584 703 2671 769 13,

608 795 661 850 8.
753 811 820 850 ac
851 795 934 850 sic
978 814 1032 850 n.
1071 812 1124 864 q.
1176 794 1255 848 111
1297 797 1385 864 27,
1441 799 1523 850 10.
1559 797 1850 865 (nusquam
1897 797 2047 868 apud
2091 797 2358 852 Senecam
2396 797 2671 856 vocabulo

613 894 673 948 in
711 911 740 950 c
775 893 1025 948 litteram
1045 892 1320 948 desinenti
1345 889 1589 973 adfixum
1615 898 1703 946 est
1727 893 1862 963 que).
1900 909 1968 948 ac
1984 893 2212 949 subinde
2235 911 2321 965 cp.
2349 893 2431 962 13,
2453 896 2537 950 13.
2576 911 2667 964 ep.

616 991 704 1060 53,
741 994 790 1044 2.
829 1007 917 1061 ep.
958 990 1078 1057 105,
1116 991 1168 1044 7.
1208 1006 1265 1043 n.
1294 1006 1347 1058 q.
1391 988 1442 1041 II
1484 990 1572 1058 59,
1608 990 1663 1042 2.
1770 1005 1837 1044 ac
1879 989 2072 1045 deinde
2108 1006 2192 1060 ep.
2234 992 2327 1058 45,
2362 991 2411 1045 5.
2450 1007 2537 1060 ep.
2578 991 2668 1053 73,

611 1087 692 1142 16.
737 1087 813 1140 di.
848 1085 900 1139 x
942 1087 1024 1154 15,
1059 1087 1109 1141 4.
1183 1102 1251 1141 ac
1285 1085 1527 1140 nondum
1564 1102 1652 1155 ep.
1693 1087 1781 1152 20,
1812 1087 1863 1139 3.
1935 1101 2001 1140 ac
2036 1101 2270 1156 mooeep.
2309 1087 2397 1150 86,
2440 1067 2523 1141 '10.
2598 1101 2668 1141 ac

609 1182 770 1239 modo
821 1200 907 1252 ep.
946 1184 1033 1251 72,
1070 1183 1121 1236 9.
1195 1197 1261 1236 ac
1304 1197 1499 1237 rursus
1536 1199 1589 1235 n.
1626 1198 1675 1250 q.
1714 1179 1789 1236 VI
1829 1183 1913 1252 13,
1949 1183 1997 1236 6.
2082 1197 2148 1236 ac
2182 1181 2397 1237 diutius
2433 1201 2489 1238 n.
2524 1200 2579 1252 q.
2618 1180 2668 1240 V

609 1281 692 1345 13,
731 1282 784 1334 3.
875 1295 939 1334 ac
986 1277 1154 1336 veluti
1199 1277 1276 1332 di.
1311 1275 1442 1333 VIII
1488 1280 1542 1348 5,
1586 1281 1636 1334 5.
1680 1277 1734 1333 d.
1772 1277 1825 1332 b.
1866 1277 1939 1333 vl
1978 1279 2030 1349 5,
2068 1281 2119 1334 4.
2215 1295 2283 1334 ac
2329 1279 2474 1335 velut
2513 1297 2570 1334 n.
2610 1295 2664 1348 q.

611 1376 638 1432 Ι
673 1393 762 1448 pr.
802 1377 883 1430 12.

676 1472 971 1539 Addendi
1019 1481 1236 1554 'porro
1295 1475 1449 1538 sunt
1508 1475 1642 1538 tres
1705 1470 1827 1562 loci
1888 1471 1994 1538 ubi
2060 1477 2271 1538 exstat
2328 1482 2505 1554 atque
2550 1480 2665 1550 ita,

463 1583 632 1665 quod
693 1601 769 1648 eo
832 1581 1084 1663 quidem
1155 1599 1346 1648 sensu
1388 1579 1625 1646 dictum
1668 1583 1795 1661 est,
1858 1585 1932 1646 ut
1972 1581 2226 1648 lectoris
2269 1581 2552 1648 animum
2596 1583 2665 1648 in

463 1692 794 1774 sequentia
837 1690 1146 1756 intentum
1191 1687 1401 1768 faciat,
1448 1689 1577 1755 lud.
1611 1690 1705 1775 11,
1749 1691 1788 1754 5
1830 1699 2005 1772 atque
2043 1699 2130 1758 ita
2172 1715 2245 1757 ex
2272 1697 2488 1758 tabella
2507 1699 2666 1757 reci-

464 1810 630 1866 tavit.
721 1799 806 1864 At
848 1799 907 1865 d.
952 1799 1012 1865 b.
1055 1799 1156 1864 III
1197 1801 1296 1877 23,
1342 1801 1381 1865 5
1428 1809 1601 1880 atque
1640 1808 1729 1866 ita
1772 1823 1835 1866 se
1874 1807 2107 1866 traiecit
2147 1807 2215 1866 et
2256 1802 2335 1866 di.
2369 1801 2460 1867 VI
2489 1803 2593 1884 22,
2620 1801 2663 1864 6

464 1919 638 1990 atquc
693 1916 782 1978 ita
841 1914 1015 1974 iussit
1057 1914 1252 1973 lumen
1292 1931 1454 1974 omne
1489 1901 1821 1988 praecludi,
1865 1910 1973 1975 ubi
2016 1929 2055 1972 a
2098 1910 2304 1976 verbis
2348 1928 2663 1991 personae

462 2018 792 2084 cuiusdam
856 2019 1063 2084 oratio
1127 2017 1210 2084 ad
1272 2015 1515 2082 factum
1558 2017 1957 2084 indicandum
2000 2019 2422 2103 progreditur,
2490 2019 2658 2085 idem

461 2128 634 2195 valet
671 2127 841 2208 quod
882 2134 976 2192 his
1010 2133 1204 2193 verbis
1246 2133 1437 2192 dictis.

669 2234 811 2301 Non
875 2254 1025 2302 vero
1086 2235 1232 2303 huic
1296 2253 1559 2301 numero
1624 2235 2023 2302 inserendum
2091 2241 2190 2303 est
2248 2245 2418 2316 atque
2460 2243 2661 2313 ctiam,

455 2347 626 2430 quod
667 2345 834 2412 male
876 2345 941 2410 in
983 2349 1232 2412 textum
1281 2345 1521 2428 recepit
1564 2344 1837 2411 Haasius
1876 2363 1971 2426 ep.
2025 2346 2125 2425 68,
2170 2347 2211 2410 3
2256 2351 2436 2412 ratus
2478 2351 2658 2411 certe

456 2455 550 2522 ita
613 2454 743 2539 legi
792 2453 857 2519 in
925 2453 1134 2521 codice
1199 2473 1262 2537 p.
1354 2454 1420 2521 Is
1461 2471 1613 2520 vero
1674 2453 1767 2519 ita
1823 2454 2027 2518 locum
2072 2454 2328 2521 exhibet
2365 2478 2521 2520 vamw
2570 2459 2654 2520 ad

455 2572 609 2631 illud
648 2572 929 2643 revertor,
967 2572 1123 2644 quod
1162 2572 1416 2630 suadere
1457 2570 1563 2629 tan·
1606 2584 1921 2646 coeperam,
1965 2577 2033 2631 ut
2072 2575 2253 2631 otium
2296 2574 2458 2631 twwm
2483 2574 2651 2647 iquo-

457 2683 580 2740 tum
621 2681 718 2739 sit.
800 2678 940 2739 Non
977 2669 1063 2738 cst
1103 2679 1258 2753 quod
1297 2680 1587 2740 inscribas
1630 2680 1737 2739 tibi
1762 2680 2189 2754 philosophiam
2212 2685 2317 2740 aut
2343 2682 2447 2755 qui
2472 2683 2655 2740 ctiam

457 2790 628 2850 aliud
666 2788 970 2862 proposito
1024 2789 1122 2846 tuo
1179 2781 1386 2846 nomen
1433 2788 1684 2859 impone.
1770 2778 1893 2844 Sed
1948 2781 2141 2847 verba
2180 2791 2285 2847 aut
2326 2789 2427 2862 qui
2473 2790 2651 2847 ctiam

458 2892 641 2957 nihili
717 2906 854 2956 esse
922 2889 1146 2956 elucet.
1273 2894 1470 2970 Atque
1530 2896 1705 2956 etiam
1769 2893 1842 2955 ut
1902 2888 2325 2971 improbemus
2389 2893 2652 2973 praeter

455 2999 728 3066 codicem
763 2998 1006 3065 faciunt
1034 2999 1227 3067 verba
1271 3007 1442 3067 aliud
1471 3008 1778 3081 proposito
1822 3010 1920 3066 tuo
1959 3022 2166 3066 nomen
2204 3007 2449 3084 immone,
2494 3016 2651 3082 quo·

457 3127 602 3175 rum
651 3111 746 3177 vis
809 3110 956 3175 talis
1025 3128 1147 3173 non
1211 3126 1351 3177 esse
1394 3110 1645 3177 videtur
1715 3128 1878 3191 quae
1937 3116 2087 3191 apte
2128 3109 2461 3175 conveniat
2505 3126 2647 3175 cum

455 3217 732 3299 pondere
787 3216 1098 3283 formulae
1152 3228 1325 3299 atque
1381 3227 1571 3285 ctiam.
1660 3216 2139 3302 Neglegendum
2186 3236 2267 3283 ne
2309 3216 2465 3284 illud
2510 3217 2647 3298 qui-

455 3327 593 3392 dem
647 3333 749 3395 est
806 3325 978 3393 nullo
1031 3328 1158 3393 alio
1198 3329 1335 3394 loco
1379 3328 1548 3412 apud
1590 3326 1891 3395 Senecam
1936 3327 2195 3394 inveniri
2238 3336 2413 3407 atque
2453 3332 2650 3392 aiam.

459 3437 546 3499 At
587 3436 980 3502 verissimum
1041 3441 1195 3519 puto
1237 3454 1378 3503 esse
1421 3437 1589 3518 quod
1634 3438 1760 3503 iam
1806 3437 1869 3501 in
1911 3435 2223 3519 prioribus
2264 3433 2649 3501 editionibus

456 3544 692 3627 legitur
743 3554 916 3626 atque
955 3554 1154 3611 otimn.
1240 3545 1494 3628 Repetit
1537 3546 1704 3612 enim
1746 3545 1865 3612 hoc
1906 3546 2041 3612 loco
2082 3554 2305 3611 auctor
2345 3559 2647 3627 praecep-

455 3659 594 3719 tum
653 3654 814 3719 illud
869 3654 1038 3736 quod
1099 3654 1224 3719 iam
1288 3654 1507 3736 primis
1570 3654 1887 3736 epistulae
1944 3652 2151 3720 verbis
2212 3652 2392 3719 dedit
2446 3658 2551 3717 scd
2594 3658 2655 3715 ct

457 3770 650 3843 ipsum
690 3770 870 3827 otium
911 3769 1194 3829 absconde
1208 3812 1223 3841 ,
1273 3764 1371 3829 fas
1413 3781 1569 3848 ergo
1611 3779 1733 3827 non
1777 3768 1918 3829 erat
1958 3762 2057 3828 hic
2097 3762 2303 3828 omitti
2346 3757 2650 3843 gravissi-

457 3889 632 3935 mum
674 3871 954 3937 verbum.
1039 3872 1242 3938 Immo
1296 3878 1538 3953 quanta
1582 3872 1644 3937 vi
1694 3871 2103 3953 premendum
2145 3867 2337 3935 fucrit
2380 3866 2650 3949 adparet

454 3979 598 4044 inde
657 3980 828 4060 quod
877 3980 1106 4045 iterum
1159 3982 1517 4063 iterumque
1568 3982 1831 4048 eandem
1876 3978 2365 4047 admonitionem
2402 3972 2647 4041 Lucilio

455 4088 756 4169 inculcat,
813 4088 907 4154 ita
961 4095 1036 4155 ut
1073 4092 1292 4173 paucis
1336 4090 1731 4175 interpositis
1773 4088 1979 4156 verbis
2020 4087 2225 4155 denuo
2268 4084 2643 4152 exhortetur

452 4202 860 4277 gloriariotio
908 4205 1072 4264 mers
1120 4206 1352 4266 ambitio
1406 4210 1491 4267 est
1542 4199 1772 4283 etg5
1827 4204 2105 4279 optimum
2156 4202 2641 4276 itaqueestnon

455 4310 678 4370 iactare
719 4312 899 4371 oiim
939 4328 1126 4373 suum.

663 4415 800 4480 Iam
842 4416 1236 4483 excutiamus
1277 4436 1462 4483 usum
1507 4417 1777 4483 duorum
1808 4418 2140 4485 verborum
2183 4432 2347 4497 quae
2387 4426 2638 4491 compo·
