3009 5000
1233 850 1534 930 VITA.

1289 1051 1487 1060 -—

495 1187 704 1257 Natus
749 1209 888 1256 sum
938 1189 1261 1257 Johannes
1313 1189 1719 1256 Hei-mannus
1762 1189 2115 1257 Ludovicus
2158 1189 2488 1257 Klammer

304 1300 806 1366 Neomonasterii
859 1299 1181 1368 Holsatiae
1223 1300 1284 1365 in
1345 1299 1570 1383 oppido
1626 1317 1795 1366 anno
1834 1299 1895 1366 h.
1954 1317 2003 1366 s.
2057 1297 2209 1365 LIII
2251 1300 2352 1366 die
2390 1300 2488 1365 III

296 1409 533 1476 mensis
579 1408 906 1475 Februarii
957 1412 1140 1490 patre
1181 1407 1496 1474 Friderico
1518 1407 1882 1475 Hermanno
1906 1407 2239 1477 Klammer
2281 1413 2487 1474 matre

300 1517 532 1584 Emilia
573 1536 610 1582 e
653 1523 840 1600 gente
885 1516 1200 1583 Salomon.
1272 1519 1454 1582 Anno
1475 1516 1683 1584 LVIII
1700 1597 1707 1606 .
1724 1522 2019 1598 parentes
2038 1517 2476 1598 Hamburgum

297 1627 811 1708 commigrarunt,
848 1643 976 1706 qua
1014 1625 1079 1690 in
1105 1626 1259 1690 urbe
1290 1643 1434 1690 eum
1461 1624 1823 1691 litterarum
1850 1626 2173 1692 elementis
2208 1625 2489 1692 imbutus

301 1753 526 1817 essem,
580 1751 694 1816 per
742 1737 983 1815 septem
1042 1750 1241 1800 annos
1289 1732 1632 1814 discipulus
1671 1731 1761 1798 fui
1806 1733 2114 1820 gymnasii
2154 1733 2198 1800 J
2200 1729 2506 1812 ohannei,‘

293 1844 476 1911 cuius
533 1848 687 1909 tunc
749 1842 879 1907 dux
938 1847 1079 1908 erat
1139 1842 1232 1908 vir
1276 1842 1793 1923 incomparabilis
1843 1840 2167 1909 Johannes
2210 1841 2488 1909 Classen.

301 1953 464 2019 Vere
505 1953 652 2018 anni
681 1951 952 2018 LXXIII
993 1951 1384 2018 maturitatis
1427 1951 1789 2016 testimonio
1832 1951 2179 2017 instructus
2204 1950 2487 2032 Lipsiam
2542 1993 2549 2002 -

301 2081 402 2129 me
444 2063 679 2128 contuli
721 2062 933 2142 ibique
972 2078 1092 2144 par
1133 2041 1360 2141 quater
1383 2077 1497 2126 sex
1521 2078 1769 2128 meuses
1800 2066 2221 2128 commoratus
2250 2061 2485 2126 almam

296 2169 460 2238 hanc
500 2171 851 2237 studiorum
907 2169 1119 2235 sedem
1171 2169 1317 2234 adii.
1411 2167 1778 2234 Docuerunt
1833 2185 1935 2234 me
1990 2168 2109 2234 viri
2161 2168 2485 2235 clarissimi

296 2277 570 2358 Curtius,
643 2276 966 2361 Drobisch,
1047 2275 1386 2356 Fritzsche,
1453 2275 1863 2360 Hildebrand,
1940 2277 2169 2358 Hirzel,
2242 2276 2479 2359 Lange,

239 2455 244 2461 ,
294 2383 534 2463 Nobbe,
589 2385 852 2462 Ritschl,
899 2383 1143 2469 Seydel,
1190 2385 1380 2466 Voigt
1409 2384 1793 2474 Lipsienses3
1836 2373 2200 2464 Buecheler,
2246 2385 2320 2452 R.
2360 2383 2483 2452 ΚΘ·
2582 2427 2587 2430 -

295 2495 468 2577 kule,
512 2495 656 2577 Leo,
721 2495 781 2563 J.
837 2493 910 2561 B.
961 2495 1196 2579 Meyer,
1243 2491 1562 2571 Schaefer,
1615 2493 1858 2561 Usener
1906 2493 2283 2560 BonnenseS.
2394 2494 2483 2563 Ut

292 2607 357 2672 in
420 2606 821 2673 seminarium
865 2605 1259 2688 philologum
1308 2606 1622 2687 reciperer
1656 2602 2039 2670 -Bueeheleri
2094 2606 2161 2670 et
2219 2603 2485 2670 Useneri

299 2732 452 2796 erga
496 2733 596 2780 me
639 2714 1071 2780 benevolentia
1115 2712 1352 2779 factum
1396 2720 1515 2778 est.
1625 2709 2200 2779 Exercitationibus
2245 2712 2375 2779 suis
2412 2716 2489 2777 ut

295 2824 671 2889 interessem
681 2822 950 2903 benigne
965 2825 1402 2887 concesserunt
1416 2820 1823 2911 philologieis,
1848 2821 2283 2903 epigraphicis,
2310 2819 2488 2902 oseiS,

291 2930 596 2997 umbricis
665 2930 1028 3007 Buecheler,
1085 2928 1572 3009 archaeologieis
1640 2928 1909 2997 Kekule.
1966 2965 2049 2975 —
2087 2928 2257 3007 Quos
2318 2929 2486 2995 viros

297 3057 517 3107 omnes
544 3038 781 3122 optime
817 3038 896 3103 de
928 3056 1028 3103 me
1068 3038 1326 3103 meritos
1352 3055 1490 3103 esse
1532 3036 1848 3119 profiteor.
1919 3038 2295 3105 Gratissimo
2336 3054 2487 3102 vero

293 3148 502 3215 animo
532 3166 781 3236 semper
825 3148 1025 3215 colam
1055 3147 1422 3236 memoriam
1450 3146 1839 3226 Buecheleri,
1884 3144 2169 3227 Useneri,
2198 3145 2487 3231 Kekulei‚

293 3274 452 3337 quos
524 3257 874 3323 studiorum
941 3274 1222 3321 meorum
1281 3256 1543 3321 adsidue
1594 3259 1660 3321 et
1710 3255 1945 3323 iudices
2005 3256 2367 3323 mitissimos
2420 3261 2487 3322 et

290 3365 612 3433 adiutores
655 3365 1105 3433 saluberrimos
1147 3363 1364 3430 habui.
