3009 5000
1482 375 1525 440 9
1549 379 1555 385 ,

411 573 644 641 omisso
684 573 926 641 obiecto

553 701 592 739 a
629 687 738 754 qiua
773 685 1056 742 abmami
1088 686 1416 756 emendam
1449 685 1826 775 timendumq.
1828 691 1916 754 ,cst
1951 701 2035 756 ep.
2078 686 2291 754 98,14.

609 798 850 865 Eodem
913 800 1100 866 modo
1155 817 1278 882 quo
1321 805 1536 866 cetera
1586 800 1897 866 adiectiva
1935 800 2095 866 haec
2136 813 2389 879 quoque
2425 815 2605 866 usur-

411 905 549 989 pari
593 923 712 988 pro
753 905 1170 975 substantivis
1210 909 1440 1001 docent
1477 907 1601 976 loci
1642 908 1737 974 hi:

399 1032 404 1036 ·
548 1015 2603 1089 {mmmmmdumspopffimemetmiw

553 1112 1501 1186 diciumdcfimkudiapetcndisq.
1539 1133 1624 1188 ep.
1662 1116 1751 1186 94,
1788 1116 1873 1170 12.

601 1223 782 1302 Quae
846 1243 1014 1294 nunc
1071 1225 1523 1298 subiuncturus
1568 1217 1711 1296 snm
1754 1227 2062 1310 exempla,
2106 1243 2249 1294 cum
2293 1243 2375 1292 ex
2416 1229 2603 1306 parte

413 1333 538 1402 huc
577 1351 702 1400 non
745 1336 1128 1420 pertineant,
1168 1337 1513 1406 verendum
1554 1341 1763 1406 estne
1788 1335 2249 1404 inconstantiae
2272 1353 2602 1417 coarguat.

342 1525 348 1534 ἢ
412 1441 650 1510 Tamen
683 1462 724 1510 a
765 1461 867 1512 me
911 1445 1253 1529 impetrare
1294 1464 1420 1513 non
1463 1465 1741 1530 possum,
1786 1451 1873 1520 ut,
1896 1445 2059 1514 sicco
2088 1444 2249 1530 pede
2274 1449 2603 1512 transeam

413 1552 750 1620 nonnullos
791 1554 979 1635 locos,
1014 1555 1125 1638 qui
1166 1555 1398 1640 duplici
1443 1574 1523 1622 ex
1568 1574 1761 1624 eausa
1806 1571 2025 1622 rarum
2058 1553 2300 1622 dicendi
2344 1553 2605 1621 modum

414 1659 712 1726 exhibere
765 1661 919 1728 mihi
957 1663 1272 1731 videntur.
1359 1664 1502 1730 Non
1544 1663 1715 1732 enim
1754 1681 1946 1744 saepe
1986 1663 2237 1732 evenire
2276 1667 2464 1746 puto,
2474 1666 2607 1730 -·ut

412 1769 538 1836 duo
587 1769 984 1838 diversorum
1024 1777 1383 1858 temporum
1429 1773 1623 1841 verba
1663 1774 1981 1857 pendeant
2022 1791 2099 1840 ex
2146 1772 2365 1840 eadem
2401 1772 2605 1856 parti-

414 1878 2603 1976 cumsicutd.cl.111‚2inmoeinvitowmohartampromssm

414 1995 800 2070 haeretque,
841 1995 1222 2058 exclan-affl.
1327 1987 1556 2056 ,Cum
1594 1989 1691 2056 ita
1730 1989 2003 2072 scriptor
2042 1975 2396 2056 mutatione
2441 1992 2603 2056 tem-

414 2115 640 2181 porum
698 2097 870 2166 facta
931 2117 1075 2166 cum
1139 2099 1200 2164 vi
1253 2098 1531 2189 quadam
1596 2099 1905 2166 actionem
1961 2099 2234 2166 alteram
2292 2116 2335 2164 a
2393 2097 2605 2178 priore

415 2207 708 2286 seiunxit,
751 2206 820 2274 id
856 2227 998 2274 eam
1039 2208 1119 2276 ob
1151 2223 1412 2276 causam
1437 2207 1661 2276 fecisse
1688 2207 2010 2289 putandus
2036 2212 2153 2288 est,
2197 2212 2273 2273 ut
2290 2206 2607 2274 indicaret

417 2315 680 2382 alteram
723 2316 930 2384 altera
969 2317 1322 2401 graviorem
1368 2335 1523 2386 esse.
1612 2315 1769 2384 Cum
1796 2317 1919 2406 hac
1947 2322 2162 2385 tamen
2187 2307 2607 2384 disiunctione

416 2425 672 2492 minime
729 2426 1025 2513 congruit
1085 2450 1196 2509 que
1241 2426 1593 2511 particula,
1660 2443 1793 2507 qua
1848 2425 2154 2496 dissoluta
2216 2426 2421 2494 denuo
2465 2431 2606 2492 arte

417 2536 840 2620 conligantur3
904 2535 1182 2605 defensio
1249 2537 1394 2605 inde
1443 2540 1711 2619 paratur
1748 2536 2059 2619 scriptori,
2106 2536 2274 2618 quod
2321 2536 2435 2603 illa
2472 2540 2604 2603 tra·

414 2643 603 2711 dendi
647 2645 812 2713 actio
849 2646 1030 2713 nulla
1075 2664 1256 2714 mora
1297 2646 1673 2729 interposita
1699 2646 1938 2729 excipit
1956 2646 2433 2714 antecedentem
2458 2665 2607 2728 pro·
2682 2672 2689 2680 ¹

415 2752 678 2829 ferendi.
761 2752 1064 2821 Similiter
1103 2754 1162 2821 d.
1207 2756 1268 2823 b.
1293 2755 1360 2821 11
1390 2756 1494 2834 21,
1530 2757 1573 2821 6
1612 2778 1747 2823 cnm
1782 2762 1879 2821 illi
1914 2761 2239 2823 Betim..
2265 2803 2285 2821 .
2322 2762 2605 2823 maiorem

414 2886 697 2929 sumnam
758 2870 1010 2931 misi-sset
1043 2868 1402 2943 instaretque
1423 2912 1438 2929 .
1463 2914 1476 2928 .
1501 2913 1517 2929 .
1558 2870 1769 2943 inquit.
1854 2864 1943 2929 At
1984 2862 2181 2943 paulo
2222 2862 2428 2946 magis
2473 2862 2603 2928 iam

417 2970 738 3055 discrepat
795 2990 938 3039 cum
995 2972 1096 3039 his
1151 2970 1400 3039 duobus
1439 2969 1705 3051 ideoque
1749 2969 2039 3039 mutandi
2080 2974 2309 3047 ansam
2348 2969 2605 3038 Gertzio

417 3080 712 3161 praebuit
735 3080 820 3147 di.
840 3081 895 3146 V
921 3082 1023 3162 20,
1067 3083 1108 3147 3
1125 3088 1440 3161 postquam
1459 3087 1617 3147 inter
1640 3102 1858 3145 arenas
1878 3086 2117 3147 radices
2142 3102 2369 3160 quoquc
2396 3090 2451 3146 ci
2474 3086 2607 3145 her·

417 3195 524 3254 bae
568 3194 902 3267 defecerant
947 3195 1342 3269 admo-aitque
1379 3196 1555 3269 inops
1591 3196 1767 3253 etiam
1800 3193 2151 3258 annualium
2177 3193 2433 3255 solitudo
2452 3194 2604 3255 deci·

417 3320 575 3363 m
623 3320 904 3377 quemque
947 3304 1144 3363 coniti
1183 3303 1524 3365 dmum
1562 3302 1896 3367 habuerunt
1928 3302 2089 3374 lame
2127 3302 2375 3363 saevius.
2463 3296 2605 3361 Non

416 3411 631 3471 tamen
679 3410 782 3472 est
823 3406 992 3486 quod
1033 3404 1250 3473 offensi
1290 3405 1559 3475 diversis
1588 3405 1984 3489 temporibus
2011 3403 2363 3471 scribamus
2385 3410 2605 3483 defecc-

415 3521 578 3591 runt,
615 3514 905 3581 ducimur
946 3513 1112 3581 enim
1155 3519 1484 3597 tamquam
1518 3513 1611 3581 rei
1650 3518 2017 3595 praesentes
2046 3532 2161 3597 per
2190 3514 2477 3599 singulas
2504 3532 2607 3581 ca-

418 3622 739 3689 lamitates
796 3640 912 3689 nec
970 3623 1190 3690 statim
1240 3622 1307 3688 in
1369 3598 1722 3705 extremam
1786 3623 2102 3692 miseriam
2155 3622 2452 3699 coniectis
2495 3620 2603 3687 ad-

419 3748 780 3816 gregamur.
844 3732 1155 3801 Remanet
1194 3749 1347 3801 vero
1382 3737 1613 3800 notatu
1650 3732 1865 3817 digna,
1906 3733 1972 3801 ni
1998 3731 2204 3811 fallor,
2246 3731 2467 3800 celeris
2494 3731 2609 3797 illa

419 3860 534 3923 per
571 3864 682 3922 que
721 3842 1036 3909 transitio.

628 3968 844 4035 Pauca
885 3968 1232 4036 adiciamus
1273 3969 1354 4037 de
1396 3974 1633 4037 natura
1662 3968 1987 4036 notionum
2013 3986 2131 4051 per
2160 3990 2273 4049 quo
2297 3966 2605 4049 composi·

397 4082 634 4143 -tarnm
685 4076 935 4144 inutilia
974 4078 1270 4161 fortasse,
1333 4079 1482 4161 quia
1524 4096 1605 4145 ex
1646 4077 1865 4144 ordine
1902 4095 2092 4159 quem
2133 4076 2499 4143 summatim
2542 4078 2605 4142 in

421 4184 811 4269 proferendis
852 4187 1006 4255 locis
1047 4188 1244 4254 secuti
1287 4206 1527 4270 sumus,
1568 4204 1705 4255 rem
1734 4188 1859 4253 iam
1888 4190 2281 4270 perspectam
2310 4202 2447 4252 esse
2474 4186 2605 4267 opi-

422 4312 556 4362 nor.
641 4295 870 4363 Paucis
909 4296 1531 4380 igiturdocisssvariae
1555 4314 1659 4365 res
1688 4303 1755 4363 et
1781 4295 2007 4381 quibus
2034 4297 2283 4363 nullum
2312 4301 2415 4363 est
2439 4310 2606 4363 com-

423 4405 724 4471 mercium
766 4406 1190 4486 nominantur,
1233 4406 1456 4490 quales
1495 4408 1741 4473 suntin
1768 4424 1830 4472 n.
1853 4424 1911 4490 q.
1936 4404 2001 4473 11
2026 4408 2089 4489 2,
2108 4408 2149 4473 3
2170 4428 2321 4487 quae
2343 4410 2604 4472 viamus
