3009 5000
1383 380 1463 451 31

329 575 791 678 adieetivorum
825 602 1071 661 maynas
1109 581 1304 662 atque
1345 587 1725 648 detestabiles.
1834 581 2167 650 Adiectiva
2226 587 2526 661 publicum

333 691 406 752 et
438 695 742 766 privatum
783 688 968 754 modo
1008 689 1129 754 hac
1171 689 1358 762 modo
1403 689 1514 756 illa
1554 690 1867 770 particula
1914 691 2208 771 coniungi
2251 707 2398 756 mox
2440 691 2529 754 vi·

330 793 524 874 debis,
569 797 723 861 item
765 815 966 878 pauca
1009 797 1140 864 alia
1193 803 1332 862 tum
1375 815 1521 864 cum
1572 798 2101 878 quemadmodum
2140 797 2267 864 duo
2308 817 2527 880 super·

330 902 532 970 lativo
569 906 773 988 gradu
817 907 1024 986 posita
1067 905 1376 972 adiectiva
1417 907 1810 990 copulentur,
1856 906 2283 974 indicabimus.

530 1012 692 1079 Miro
740 1014 920 1082 modo
961 1014 1045 1079 ad
1087 1013 1290 1082 solam
1319 1015 1721 1082 altitudinem
1754 1015 2027 1092 fluminis
2072 1016 2525 1096 designandam

327 1121 748 1188 conciliantur
784 1122 1094 1192 adiectiva
1135 1131 1320 1190 altum
1370 1130 1436 1190 et
1453 1129 1829 1204 profundum
1869 1143 1929 1191 n.
1975 1105 2035 1204 q.
2080 1125 2169 1190 IV
2212 1125 2269 1204 2,
2315 1125 2355 1190 8
2390 1130 2525 1192 hinc

323 1237 452 1298 iam
489 1238 844 1310 manifestus
882 1255 1172 1298 novarum
1219 1241 1438 1300 virium
1491 1239 1673 1302 ,Nibus
1710 1239 1829 1300 alto
1890 1255 1963 1298 ac
2004 1239 2311 1312 profundo
2362 1239 2526 1302 alveo

323 1343 543 1422 fertur,
589 1365 662 1406 nc
703 1349 770 1406 in
811 1349 1184 1410 latitudinem
1225 1349 1488 1420 caedat,
1530 1349 1751 1411 obiectu
1792 1350 2073 1416 montium
2108 1365 2369 1422 pressus.
2414 1346 2523 1408 Az-

324 1458 454 1516 tum
495 1467 620 1516 non
664 1450 826 1516 idem
871 1451 975 1519 hic
1004 1449 1360 1534 significare
1383 1451 1551 1532 quod
1600 1450 1943 1516 identidem
1984 1451 2048 1518 in
2094 1435 2526 1522 verbis'altum

323 1581 495 1625 mre
537 1559 575 1626 i.
619 1577 673 1626 e.
719 1566 833 1626 late
865 1569 1084 1640 patens
1122 1561 1353 1626 additis
1399 1559 1609 1628 verbis
1646 1582 1991 1640 roe-pressus
2032 1563 2317 1642 apparet.
2409 1557 2525 1626 So-

323 1664 466 1732 lent
505 1671 723 1734 autem
755 1667 916 1734 alias
956 1667 1017 1732 in
1047 1667 1166 1734 hac
1205 1669 1456 1748 quidem
1467 1668 1735 1737 oratione
1768 1668 1944 1734 nullo
1976 1666 2329 1734 discrimine
2355 1665 2525 1736 facto

325 1775 614 1842 adhiberi
657 1776 965 1842 adiectiva
1005 1783 1192 1842 altum
1242 1782 1309 1844 et
1339 1781 1727 1860 profundum,
1780 1777 1873 1842 ita
1924 1781 2001 1842 ut
2040 1777 2179 1842 iure
2222 1777 2364 1857 quis
2406 1777 2523 1847 mi·

327 1889 515 1952 retur
535 1902 755 1952 eorum
779 1886 1308 1968 compositionem.
1373 1885 1494 1952 Sed
1520 1886 1628 1966 qui
1654 1885 1773 1952 scit
1802 1903 1993 1968 quam
2012 1904 2241 1968 parum
2264 1903 2523 1966 pressus

325 1993 418 2058 sit
457 1993 696 2062 Seneca
729 2000 803 2075 ‚et
857 1996 1044 2063 nimis
1105 1994 1484 2074 redundans,
1542 1994 1641 2060 vel
1696 1994 1815 2060 hac
1868 2013 1949 2062 ex
1992 2004 2201 2062 causa
2230 1994 2349 2061 hoc
2386 1995 2523 2062 loeo

323 2121 456 2169 non
499 2102 870 2170 offendetur.
978 2103 1144 2182 Quid
1201 2105 1369 2188 quod
1410 2104 1699 2172 similiter
1759 2104 1950 2170 verba
1994 2121 2159 2184 quae
2198 2107 2517 2173 communi

324 2211 578 2280 dicendi
641 2212 1085 2279 consuetudine
1129 2231 1256 2281 non
1301 2213 1775 2296 distinguuntur
1814 2212 2151 2294 conligavit
2192 2231 2290 2295 ep.
2338 2214 2435 2290 16,
2480 2214 2523 2278 6

321 2330 382 2388 si
411 2331 726 2404 repentim
761 2346 833 2388 ac
868 2329 1064 2390 subita
1102 2327 1525 2412 dominantur?
1605 2322 1907 2387 Attamen
1950 2323 2005 2388 si
2048 2324 2343 2388 accurate
2382 2339 2521 2388 sen-

323 2449 472 2496 sum
526 2431 858 2498 verborum
918 2431 1346 2509 aestimamuS,
1400 2432 1834 2515 gradationem
1890 2429 2026 2496 fieri
2083 2430 2523 2515 intellegemus

323 2542 422 2607 ita
463 2546 537 2606 ut
575 2540 736 2605 illud
779 2543 1129 2623 generatim
1171 2540 1569 2607 altitudinem
1610 2540 1939 2619 describat,
1988 2541 2105 2606 hoc
2149 2530 2523 2605 immensam

324 2668 468 2717 eam
513 2668 653 2717 esse
687 2649 937 2717 adiciat.
1041 2648 1178 2727 Quo
1221 2649 1294 2714 fit
1336 2653 1408 2715 ut
1449 2649 1584 2715 sine
1627 2647 1967 2715 offensione
2018 2647 2193 2731 legas
2235 2664 2321 2716 n.·
2342 2667 2399 2731 q.
2432 2648 2523 2714 VI

329 2760 432 2837 24,
493 2761 534 2823 3
584 2766 918 2825 altitudinis
973 2765 1316 2839 profundae
1375 2766 1571 2825 maria
1634 2762 1749 2823 aut
1811 2778 1931 2841 ep..
1974 2759 2073 2837 21,
2118 2758 2157 2822 5
2214 2764 2525 2837 profunda

327 2890 515 2947 supra
555 2891 662 2934 nos
702 2874 954 2934 altitudo
996 2874 1271 2947 temporis
1310 2875 1517 2933 veniet.
1600 2867 1777 2933 Idem
1821 2867 1939 2935 hoc
1979 2868 2169 2933 etiam
2215 2867 2386 2948 apud
2416 2866 2517 2931 Li·

328 2976 499 3040 vium
544 2975 904 3057 (XXXVIII
949 2977 1056 3055 23)
1125 2981 1190 3041 et
1231 2975 1400 3057 apud
1443 2974 1731 3041 Tacitum
1789 2976 1959 3057 (ann.
2006 2974 2073 3041 H
2115 2975 2225 3057 61)
2266 2974 2523 3069 legitur,

325 3093 399 3149 at
442 3083 608 3150 illius
651 3084 939 3151 dictionis
981 3085 1338 3181 exemplum
1385 3083 1661 3150 alterum
1705 3102 1827 3149 non
1873 3085 2101 3151 inveni.

521 3192 661 3257 Iam
712 3210 1165 3273 persequemur
1217 3193 1430 3275 paucis
1485 3192 1827 3259 inlustrare
1899 3194 1963 3259 id
2014 3194 2183 3274 quod
2246 3194 2522 3260 breviter

325 3317 520 3382 supra
562 3300 889 3383 attigimus
933 3302 1207 3367 dicentes
1248 3300 1528 3367 litteram
1577 3302 1636 3365 in
1681 3301 1989 3384 principio
2034 3303 2371 3369 verborum
2412 3320 2519 3387 po-

324 3410 514 3475 sitam
560 3410 798 3490 aliquid
841 3408 1050 3477 facere
1090 3409 1170 3475 ad
1213 3409 1562 3492 particulae
1606 3408 1996 3476 electionem.
2110 3414 2204 3476 Ac
2246 3410 2524 3493 legitime

325 3518 632 3599 scriptum
679 3536 817 3584 esse
861 3519 924 3584 in
972 3519 1178 3584 verbis
1217 3525 1396 3596 fortis
1437 3540 1508 3585 ac
1549 3528 1823 3583 strenuus
1864 3520 2185 3600 complura
2227 3520 2522 3602 exempla

324 3624 692 3694 docuerunt.
785 3628 946 3692 Item
989 3643 1114 3693 non
1155 3651 1282 3708 que,
1326 3626 1436 3693 sed
1481 3651 1551 3693 ac
1590 3626 1940 3695 adhibitum
1984 3634 2081 3693 est
2122 3628 2221 3694 his
2263 3628 2417 3696 locis

468 3736 602 3791 mile
642 3752 706 3793 ac
737 3736 984 3793 salutare
1019 3753 1103 3805 ep.
1142 3738 1226 3805 11,
1263 3739 1314 3793 8.
1351 3741 1409 3791 et
1445 3754 1533 3806 ep.
1574 3738 1693 3807 113,
1731 3738 1817 3792 26.
1888 3737 2020 3792 utile
2060 3753 2125 3792 ac
2158 3738 2399 3795 salutare
2434 3756 2521 3810 ep.

465 3832 556 3901 86,
596 3834 676 3887 10.
744 3832 943 3887 siccum
979 3847 1045 3885 ac
1067 3830 1302 3887 sobrium
1338 3848 1421 3901 ep.
1464 3834 1547 3903 18,
1583 3834 1634 3885 4.
1672 3850 1757 3903 ep.
1800 3833 1920 3901 114,
1955 3836 2007 3887 3.
2079 3834 2169 3887 vel
2186 3834 2420 3892 sobrium
2454 3852 2523 3891 ac

465 3927 666 3985 siccum
700 3928 773 3983 di.
806 3926 908 3984 VII
949 3930 1034 3998 12,
1068 3930 1118 3981 4.
1191 3934 1442 3984 sanctum
1476 3946 1541 3983 ac
1574 3946 1793 3985 sacrum
1829 3929 1883 3983 d.
1933 3930 1987 3985 b.
2024 3930 2050 3985 1
2089 3932 2174 3999 10,
2211 3929 2265 3983 2.
2346 3931 2523 3986 solida

468 4044 534 4083 ac
567 4026 896 4097 sempiterna
939 4042 1027 4096 ep.
1066 4024 1152 4097 74,
1193 4026 1274 4079 16.
1345 4024 1650 4095 splendidis
1685 4013 1755 4081 ac
1790 4027 2113 4083 sonantibus
2149 4044 2233 4097 ep.
2272 4029 2395 4098 114,
2436 4029 2519 4085 14.

465 4140 660 4180 sanum
684 4142 748 4179 ac
783 4124 997 4179 salubre
1033 4139 1119 4193 ep.
1161 4123 1214 4191 8,
1239 4121 1288 4177 5.
1330 4137 1527 4176 sanum
1562 4138 1627 4177 ac
1660 4104 1927 4178 §incorum
1965 4123 2069 4190 (sie
2104 4122 2343 4178 Haasiue
2365 4128 2521 4181 reete

467 4226 533 4275 ut
568 4220 790 4276 videtur
825 4238 932 4291 pro
968 4212 1011 4275 ἓ.
1049 4236 1114 4275 ac
1149 4218 1369 4289 sicema)
1405 4236 1490 4289 ep.
1528 4220 1617 4288 66,
1655 4221 1705 4273 6.
1769 4220 1994 4275 stultum
2030 4236 2096 4275 ac
2130 4234 2520 4291 supervactmm
2611 4238 2621 4249 ·

467 4333 554 4387 ep.
595 4316 714 4387 102,
749 4318 800 4371 4.
880 4316 942 4373 in
978 4315 1150 4371 solido
1183 4330 1252 4370 ac
1285 4328 1472 4371 sereno
1507 4314 1563 4371 d.
1602 4316 1651 4371 b.
1691 4314 1793 4373 VII
1833 4318 1881 4384 1,
1917 4319 1968 4369 7.
2048 4317 2229 4373 sterile
2258 4332 2323 4373 ac
2356 4330 2519 4388 squa-

465 4413 638 4471 lidum
673 4432 728 4469 n.
765 4432 816 4484 q.
853 4413 929 4471 IV
965 4414 1016 4484 2,
1051 4416 1103 4469 9.
1171 4414 1414 4483 spissum
1447 4429 1516 4469 ac
1550 4410 1787 4469 solidum
1820 4430 1875 4467 n.
1914 4428 1965 4480 q.
2003 4410 2107 4468 VII
2140 4412 2231 4483 26,
2270 4415 2317 4473 1.
