3009 5000
1389 379 1499 446 571

341 586 574 646 desmit.
663 577 749 644 At
786 584 862 645 ut
902 565 1066 661 {luae
1109 581 1188 648 de
1229 581 1348 649 hoc
1388 600 1618 664 genere
1658 580 1919 646 dicenda
1959 581 2111 646 sunt
2150 578 2367 644 statim
2412 579 2521 645 ab·

339 688 609 770 solvam,
651 690 1026 770 particulam
1075 715 1146 758 ae
1179 692 1376 760 habes
1406 692 1465 759 d.
1499 691 1559 757 b.
1588 691 1707 756 VII
1736 693 1796 771 9,
1830 692 1868 757 5
1908 697 2027 756 nisi
2066 696 2203 755 bina
2238 713 2309 755 ae
2353 699 2523 754 terna

335 806 700 878 patrimonia
738 807 983 866 auribus
1021 807 1272 882 sinynlis
1316 808 1751 881 pependissent.
1843 801 2051 880 Atque
2094 797 2524 864 disiunctionis

337 908 696 992 exemplum
739 909 1116 991 conspicitur
1160 930 1218 976 n.
1262 928 1322 991 q.
1367 910 1462 976 111
1508 911 1609 991 28,
1658 913 1697 976 3
1737 917 1948 990 deinde
1984 915 2087 976 nbi
2134 917 2269 975 litus
2304 915 2394 973 bis
2434 901 2527 973 vel

341 1027 432 1086 ter
491 1025 790 1113 prolatum
854 1028 938 1084 est
1003 1029 1057 1084 et
1095 1025 1344 1100 pelayus
1397 1027 1466 1084 im
1516 1025 1707 1084 alieno
1758 1025 2056 1084 constitit.
2082 1065 2098 1081 .
2128 1069 2144 1084 .
2166 1069 2181 1084 .
2216 1023 2523 1097 procurrit

339 1136 551 1206 aestus,
593 1127 702 1192 ubi
744 1145 886 1194 cum
926 1127 1246 1196 rhetorica
1285 1129 1629 1195 inundatae
1684 1132 1893 1193 terrae
1936 1127 2354 1211 descriptione
2395 1143 2522 1192 me-

336 1234 482 1314 lius,
526 1253 604 1300 ne
647 1235 847 1302 dicam
894 1237 1074 1302 unice
1117 1239 1474 1320 congruerit
1495 1238 1709 1321 imago
1752 1254 1944 1318 saepe
1987 1237 2259 1317 promoti
2300 1233 2522 1302 litoris.

341 1344 627 1425 Denique
700 1344 1122 1412 dissolutionis
1197 1349 1263 1412 et
1327 1348 1484 1413 satis
1555 1347 1811 1430 quidem
1886 1346 2085 1412 durae
2162 1345 2523 1425 exemplum

337 1453 632 1521 Gertzius
656 1455 871 1521 intulit
891 1455 1208 1537 primaeN
1234 1457 1460 1524 codicis
1482 1457 1697 1521 manui
1718 1456 2053 1523 obsecutus
2088 1456 2149 1522 d.
2193 1454 2253 1519 b.
2292 1453 2383 1519 IV
2424 1453 2520 1534 15,

336 1565 376 1628 3
419 1570 552 1628 nolo
601 1566 887 1642 (causam
927 1565 1064 1632 eius
1126 1564 1366 1648 agere),
1420 1568 1529 1632 sed'
1566 1571 1711 1646 quid
1749 1571 2010 1643 faciam?
2051 1573 2173 1631 iam
2218 1569 2311 1628 illi
2352 1567 2525 1628 semel

330 1680 546 1738 iter-mn
586 1679 774 1750 adfui.
827 1673 1012 1756 volgo
1053 1681 1375 1756 ita-mque
1423 1673 1677 1755 legitur.
2277 1765 2283 1771 .

534 1797 659 1864 Sed
701 1803 776 1864 ut
816 1799 936 1866 hac
977 1819 1379 1866 numerorum
1422 1800 1671 1867 ratione
1696 1799 1977 1866 indicata
2016 1798 2099 1866 ad
2128 1798 2521 1881 propositum

333 1914 751 1989 revertamur,
794 1910 954 1976 duos
994 1909 1166 1976 locos
1208 1910 1523 1992 adponam
1563 1910 1672 1992 qui
1710 1911 1977 1976 doceant
2017 1909 2287 1975 liberum
2330 1925 2519 1989 saepe

331 2019 626 2101 scriptori
668 2018 1002 2085 arbitrium
1050 2036 1188 2086 esse
1244 2023 1460 2085 utrum
1514 2019 1888 2086 disiunctiva
1938 2018 2253 2103 particula
2298 2036 2381 2082 an
2420 2035 2519 2083 co-

333 2117 624 2211 pulativa
666 2130 916 2194 utatur:
971 2128 1088 2209 (sic
1141 2127 1259 2195 hoc
1302 2128 1699 2210 tempestatis
1755 2130 2007 2211 signum
2058 2127 2179 2209 est)
2240 2132 2517 2208 quomodo

332 2244 760 2316 aeqnnmtium
802 2243 868 2302 in
907 2243 1160 2302 calorem
1198 2242 1523 2318 friqusque
1544 2243 1822 2313 flectentis
1862 2244 2027 2315 anni,
2070 2241 2349 2318 quomodo
2391 2240 2519 2313 illa,

332 2369 485 2426 quae
545 2350 827 2412 Chaldaei
888 2355 1121 2424 cammt,
1187 2353 1328 2427 quid
1347 2393 1352 2403 .
1369 2353 1541 2411 stella
1598 2351 1967 2411 nascentibus
2016 2353 2182 2412 triste
2222 2353 2521 2412 laetumve

329 2462 644 2521 constituat
684 2473 746 2520 n.
791 2471 852 2536 q.
902 2453 1030 2520 VII
1073 2455 1173 2534 28,
1220 2456 1294 2534 22
1333 2479 1454 2522 non
1491 2461 1621 2521 ideo
1663 2462 1969 2535 qwthnaon
2004 2462 2161 2521 inter
2199 2460 2337 2520 illos
2372 2475 2521 2535 pne-

327 2586 543 2643 rosque
583 2570 858 2629 interesse
881 2573 1013 2645 quis
1034 2571 1267 2645 dixerit,
1311 2570 1467 2645 quod
1491 2570 1617 2629 illis
1637 2563 1917 2629 talorum'
1928 2588 2184 2629 nuemnv
2198 2587 2229 2629 e
2270 2575 2325 2631 et
2366 2570 2526 2630 aeris

329 2679 540 2738 nnnnti
593 2680 850 2740 avaritia
891 2684 992 2754 est,
1039 2681 1133 2739 his
1173 2682 1310 2739 auri
1349 2682 1715 2753 amentique
1754 2683 1809 2739 et
1849 2680 2085 2739 urbium
2127 2672 2209 2738 di.
2240 2673 2304 2737 II
2335 2675 2432 2755 12,
2464 2675 2523 2739 2.

333 2781 574 2847 Eodem
625 2782 763 2849 iure
813 2782 1130 2866 particula
1181 2782 1559 2849 disiunctiva
1602 2800 1725 2863 quo
1794 2780 2157 2862 copulativa
2209 2783 2305 2849 uti
2343 2782 2526 2850 licuit

331 2891 434 2959 his
472 2893 650 2960 locis:
1063 2946 1074 2953 .

473 3026 603 3081 dum
633 3042 786 3083 nemo
818 3026 1012 3081 suadet
1046 3025 1380 3097 dissuadetq.
1431 3026 1485 3081 d.
1532 3028 1587 3082 b.
1627 3028 1706 3082 VI
1750 3028 1837 3097 30,
1876 3030 1928 3083 5.
2000 3028 2141 3085 illud
2178 3028 2368 3084 suadet
2409 3028 2521 3083 dis·

471 3122 715 3194 suadetq.
762 3140 813 3178 n.
855 3140 908 3192 q.
945 3122 997 3175 11
1033 3123 1125 3191 39,
1163 3123 1215 3178 3.
1289 3123 1386 3193 qui
1440 3124 1645 3179 servati
1680 3125 1926 3196 punitiq.
1964 3130 2125 3181 erum
2160 3124 2213 3180 d.
2252 3125 2322 3180 cl.
2354 3125 2399 3197 ,Ι
2433 3124 2519 3193 21,

477 3221 529 3273 4.
601 3218 861 3289 quicquid
881 3213 1130 3274 timemus
1152 3225 1452 3291 optamusq.
1495 3237 1580 3290 ep.
1610 3223 1698 3285 41,
1723 3222 1780 3275 5.
1868 3220 2163 3292 disciplina
2192 3226 2387 3291 Μάιος.
2432 3238 2519 3290 ep.

480 3315 567 3384 97,
594 3317 642 3369 8.
753 3320 1049 3371 comentem
1087 3316 1428 3385 luctantemq.
1464 3332 1551 3386 ep.
1593 3319 1712 3383 117,
1752 3318 1835 3372 26.
1944 3333 2085 3388 quae
2132 3318 2291 3373 nobis
2328 3322 2519 3373 nocent

466 3416 757 3479 prosuntq.
797 3409 872 3477 di,
910 3410 988 3467 IV
1023 3412 1110 3477 27,
1137 3412 1186 3466 2.
1259 3412 1324 3467 de
1360 3429 1499 3485 pace
1535 3413 1716 3483 belloq.
1752 3419 1929 3469 censet
1964 3412 2039 3467 di.
2079 3413 2157 3467 IX
2195 3415 2247 3483 3,
2286 3417 2335 3469 3.
2406 3414 2517 3469 sin-

477 3506 607 3577 yula
652 3512 885 3577 propter
923 3523 1061 3577 quae
1104 3507 1238 3563 laeti
1283 3525 1347 3563 ac
1383 3510 1584 3583 ‚tristes
1633 3526 1816 3565 smnus
1864 3510 1939 3565 di.
1984 3508 2062 3564 IX
2110 3510 2193 3580 15,
2241 3512 2290 3565 4.
2380 3527 2520 3581 quac

475 3618 513 3657 a
545 3602 703 3657 nobis
738 3602 1113 3670 indifferentia
1149 3618 1215 3658 ac
1249 3604 1430 3660 media
1459 3605 1725 3661 dicuntur
1764 3622 1848 3675 ep.
1882 3606 1970 3675 82,
2012 3607 2094 3661 14.
2133 3609 2193 3659 et
2228 3607 2354 3676 117,
2390 3608 2441 3661 9.

531 3746 742 3812 Unum
784 3752 987 3815 restat
1038 3751 1473 3832 exemplorum
1523 3770 1723 3835 genus
1775 3769 1900 3817 non
1953 3751 2047 3817 ita
2097 3753 2321 3819 leviter
2377 3771 2519 3835 per-

329 3855 784 3937 stringendum,
828 3875 972 3922 cum
1024 3856 1230 3924 rarior
1285 3878 1363 3925 ea
1426 3877 1566 3927 esse
1622 3860 1909 3925 videatur
1968 3860 2303 3943 copulandi
2355 3862 2519 3928 ratio

327 3963 760 4031 disiunctionis
805 3964 942 4030 loco
999 3964 1301 4032 adhibita.
1384 3966 1550 4033 Nam
1604 3968 1656 4033 si
1710 3987 1847 4034 rem
1904 3968 2311 4052 proponimus
2353 3989 2517 4053 quae

325 4077 517 4158 prout
556 4073 836 4141 condicio
879 4093 1091 4141 rerum
1133 4075 1299 4141 ferat
1340 4082 1452 4143 aut
1471 4078 1591 4144 hoc
1634 4085 1750 4144 aut
1790 4078 1901 4145 illo
1944 4078 2127 4144 modo
2170 4079 2515 4147 constituta

309 4180 433 4264 sit,
451 4184 594 4267 quis
616 4202 740 4250 non
767 4184 930 4251 hanc
960 4184 1396 4250 diversitatem
1425 4184 1740 4267 particula
1768 4186 2145 4253 disiunctiva
2175 4186 2511 4255 indicabit}>

327 4292 624 4375 Legimus
663 4294 726 4361 d.
769 4296 845 4360 cl.
887 4293 918 4357 I
962 4294 1018 4376 1,
1059 4295 1099 4358 9
1143 4303 1336 4359 cetera
1377 4302 1535 4361 enim
1575 4303 1727 4362 bona
1771 4321 1888 4379 pro
1920 4304 2197 4379 portione
2237 4305 2515 4377 fortunae
2558 4330 2563 4335 ·

321 4425 464 4468 suae
492 4408 738 4484 quisque
773 4408 949 4469 sentit
989 4411 1094 4469 ant
1135 4412 1424 4484 exspectat
1465 4412 1697 4471 maiora
1736 4413 2098 4489 minoraque,
2156 4430 2229 4473 ex
2268 4412 2508 4475 elemen-
