3009 5000
1505 354 1591 419 56

459 559 762 635 iunyatur,
804 562 871 619 ut
908 559 1115 619 luxata
1154 562 1222 620 in
1262 560 1450 620 locum
1499 565 1839 636 reponatur.
1922 555 1995 624 In
2038 556 2226 624 inane
2271 556 2373 622 hic
2394 555 2658 622 abibunt

457 661 670 747 verba,
728 661 782 728 si
825 663 917 728 ita
959 667 1035 729 ut
1075 661 1247 731 dicta
1288 668 1438 729 sunt
1478 664 1745 746 accipis3
1812 665 1982 732 valet
2026 689 2136 746 que
2172 665 2355 744 idemj
2380 664 2548 745 quod
2590 688 2660 730 ve

456 773 560 838 vel
601 773 835 840 rectius
874 795 1074 854 neque.
1140 771 1386 839 Similia
1427 792 1619 856 porro
1662 774 1819 842 haec
1842 780 2017 840 sunt:
2059 782 2344 868 quomode
2380 797 2519 855 erqo
2542 781 2664 855 siq-

453 887 696 959 uificant
738 881 1062 965 (fulmina)
1101 889 1220 948 nisi
1259 889 1390 949 ideo
1433 890 1791 950 mittuntur?
1829 891 2109 964 quomodo
2148 907 2285 951 aves
2310 907 2427 950 non
2465 891 2533 948 in
2556 890 2665 950 hoc

459 1003 667 1070 motae,
713 1003 779 1058 ut
818 999 987 1058 nobis
1029 1001 1419 1072 occurrerent,
1467 998 1737 1059 dextrum
1773 1001 2103 1074 auspicium
2123 1001 2540 1073 sinistrumque
2578 998 2664 1070 fe-

458 1111 681 1168 cerunt.
725 1120 786 1169 n.
832 1121 892 1183 q.
937 1100 1000 1165 II
1044 1102 1145 1186 32,
1199 1103 1258 1165 3.
1346 1101 1525 1170 Haec
1584 1103 1839 1182 quidem
1896 1102 2123 1170 codicis
2183 1101 2240 1167 E
2303 1101 2490 1168 lectio
2542 1101 2664 1184 est,

456 1228 649 1291 quam
693 1213 835 1278 iure
873 1211 937 1277 in
970 1214 1219 1279 textum
1263 1211 1506 1293 recepit
1530 1210 1808 1278 Haasius
1850 1211 2147 1280 Fickerto
2174 1230 2318 1276 cum
2347 1209 2667 1278 deteriore

457 1320 512 1385 B
552 1327 929 1386 sinisti-mune
977 1319 1312 1387 scribente.
1377 1320 1667 1402 Itemque
1708 1343 1891 1400 neque
1916 1328 2071 1386 enim
2110 1327 2209 1386 ille
2230 1325 2391 1386 solus
2426 1325 2666 1397 militat,

459 1436 564 1510 qui
603 1435 670 1494 iu
714 1437 838 1494 acie
881 1437 1001 1496 stat
1054 1437 1110 1494 et
1159 1452 1342 1495 cornu
1381 1436 1653 1495 dextrum
1704 1436 2040 1509 laevumque
2088 1435 2369 1508 defendit,
2410 1433 2517 1494 sed
2559 1433 2669 1508 qui

449 1548 661 1618 portas
702 1547 898 1604 tuetur
941 1538 1021 1604 di.
1065 1537 1156 1602 IX
1197 1539 1258 1618 3,
1289 1539 1347 1605 5.
1457 1537 1602 1605 Non
1629 1539 1865 1622 optimo
1894 1539 2031 1604 iure
2063 1536 2335 1604 fortasse
2369 1536 2519 1602 huic
2546 1554 2669 1602 nu-

455 1663 637 1714 mero
677 1648 994 1714 inseretur
1038 1654 1104 1713 iu
1145 1667 1281 1713 aere
1317 1669 1543 1728 quoque
1582 1671 1703 1713 non
1744 1655 2013 1714 dextram
2069 1653 2405 1726 laevamque
2442 1652 2666 1726 premit

454 1766 690 1836 partem
730 1756 1076 1839 (comet-es).
1121 1762 1292 1823 nulla
1335 1765 1420 1821 est
1461 1763 1613 1821 enim
1648 1760 1743 1820 illi
1792 1761 1911 1837 via,
1954 1763 2058 1821 sed
2108 1778 2228 1835 qua
2266 1777 2413 1820 vena
2446 1759 2666 1833 pabuli

457 1873 556 1932 sui
597 1872 786 1943 duait,
832 1872 944 1931 illa
984 1872 1145 1945 repit
1185 1882 1246 1930 n.
1289 1884 1350 1949 q.
1397 1864 1520 1930 VII
1573 1865 1673 1943 21,
1718 1865 1777 1929 2.
1862 1862 1973 1929 fAt
2012 1883 2073 1930 n.
2119 1881 2179 1944 q.
2224 1864 2288 1928 II
2332 1865 2431 1942 59,
2477 1865 2517 1928 6
2561 1881 2661 1928 re-

459 1973 726 2057 pudiata
785 1973 1017 2041 codicis
1061 1973 1120 2040 E
1183 1975 1500 2057 scriptura
1564 1979 1758 2039 eodem
1808 1972 1916 2054 (ad
1959 1971 2257 2051 mortem)
2324 1979 2497 2038 eitius
2538 1983 2663 2039 iar-

459 2090 707 2164 diusque
743 2091 1090 2150 veniendum
1133 2093 1219 2150 est
1261 2089 1328 2149 et
1370 2083 1710 2150 Fickertus
1752 2086 1819 2149 et
1858 2081 2133 2148 Haasius
2182 2082 2489 2163 scripsere
2536 2092 2662 2148 tar-

325 2287 331 2292 ·
461 2199 681 2272 diusve⁹
741 2194 912 2274 quod
975 2213 1055 2260 ne
1119 2193 1347 2260 codicis
1410 2191 1462 2256 B
1504 2191 1758 2273 quidem
1822 2189 1946 2258 fide
2006 2191 2097 2258 ita
2140 2189 2528 2276 defenditur,
2586 2193 2663 2256 ut

463 2299 623 2366 nihil
665 2300 1011 2368 dubitetur.
1097 2301 1262 2368 Eum
1316 2301 1483 2368 enim
1537 2301 1815 2367 codicem
1858 2301 1967 2383 qui
2009 2301 2296 2367 exaravit
2343 2299 2665 2382 librarius,

463 2417 638 2505 citius
677 2416 769 2476 vei
828 2417 1062 2477 tardius
1105 2414 1253 2479 ante
1312 2410 1529 2477 oculos
1586 2409 1885 2476 habuisse
1941 2409 2087 2477 inde
2142 2408 2447 2492 suspicari
2489 2410 2661 2490 licet,

465 2519 635 2601 quod
687 2538 914 2588 manus
980 2521 1235 2587 demum
1292 2520 1634 2587 correctrix
1696 2520 2076 2601 scripturam
2137 2528 2373 2587 citiusve
2430 2527 2666 2587 tardius

465 2630 741 2695 mutavit
783 2630 850 2695 in
900 2639 1073 2696 eitius
1128 2637 1442 2699 tardiusve.
1532 2626 1656 2695 Sed
1713 2635 1788 2695 ut
1840 2630 2044 2695 maior
2094 2629 2295 2695 honor
2353 2629 2669 2696 habeatur

467 2738 665 2804 codici
709 2740 782 2817 E,
829 2738 1133 2821 respicias
1190 2756 1332 2805 eam
1390 2756 1555 2822 quae
1605 2739 1795 2820 paulo
1838 2742 1987 2803 ante
2027 2737 2093 2803 in
2138 2737 2177 2820 g
2215 2740 2256 2803 4
2294 2738 2480 2805 simili
2521 2738 2667 2807 bre-

463 2848 667 2912 vitate
710 2847 882 2914 dicta
924 2854 1026 2916 est
1069 2848 1450 2915 sententiam
1505 2849 1687 2914 iratis
1728 2853 1824 2914 dis
1856 2854 2253 2928 propitiisque
2297 2854 2665 2914 moriendum
2798 2848 2813 2868 ¹

467 2965 569 3035 est,
616 2975 780 3039 quae
820 2963 1118 3026 accurate
1161 2957 1443 3040 loquenti
1502 2958 1595 3023 ita
1635 2956 1767 3023 fere
1809 2956 2276 3041 pronuntianda
2296 3018 2301 3023 .
2318 2961 2487 3023 erat:
2534 2958 2667 3024 sive

466 3065 610 3130 irati
655 3070 805 3131 sunt
847 3065 911 3131 di
955 3067 1087 3133 sive
1129 3054 1406 3151 propitii,
1470 3065 1865 3133 moriendum
1922 3068 2022 3132 est
2075 3065 2316 3146 utique.
2425 3064 2669 3132 Iterum

470 3176 684 3238 autem
729 3175 1128 3241 consentiunt
1169 3176 1336 3241 inter
1371 3195 1442 3242 se
1484 3174 1542 3241 E
1585 3178 1653 3240 et
1693 3174 1745 3239 Β
1792 3194 1854 3240 ιι.
1900 3193 1959 3258 q.
2001 3174 2097 3240 ΙΙΙ
2138 3192 2234 3255 pr.
2282 3177 2321 3240 3
2363 3180 2471 3242 hoe
2514 3182 2667 3242 diee-

466 3304 609 3357 rem,
670 3288 726 3346 si
781 3305 938 3361 puer
995 3290 1335 3364 iuvenisque
1397 3288 1640 3350 molirer
1692 3300 1807 3349 nec
1868 3281 2078 3351 minus
2132 3301 2195 3347 n.
2254 3300 2313 3364 q.
2376 3282 2409 3346 I
2483 3284 2580 3365 11,
2624 3284 2666 3348 2

467 3395 734 3455 historici
767 3397 918 3457 soles
950 3401 1159 3459 vocant
1203 3400 1258 3458 et
1301 3398 1466 3457 binos
1486 3400 1795 3471 ternosque
1824 3398 2175 3470 adparuisse
2208 3399 2521 3458 memoriae
2543 3400 2670 3458 tra-

469 3504 635 3562 dunt.
742 3498 981 3565 Tamen
1029 3501 1152 3567 erit
1211 3498 1504 3577 fortasse,
1578 3498 1687 3579 qui
1748 3515 1989 3565 memor
2045 3498 2203 3580 legis
2256 3497 2670 3566 Bentleianae

472 3608 836 3689 propositae
877 3608 959 3674 ad
997 3608 1154 3674 Hor.
1196 3608 1372 3693 epod.
1415 3609 1472 3673 V
1518 3609 1621 3689 33,
1664 3625 1791 3688 qua
1835 3626 1951 3689 per
1994 3614 2086 3674 bis
2127 3616 2328 3688 terque
2374 3605 2667 3691 frequen·
2718 3652 2725 3657 ·

474 3714 651 3795 tiam,
695 3734 808 3797 per
852 3725 940 3783 bis
983 3727 1137 3784 terve
1179 3717 1513 3784 raritatem
1558 3717 1825 3783 indicari
1870 3718 2186 3795 docemur,
2230 3715 2349 3782 hoc
2392 3714 2670 3783 Senecae

471 3823 612 3888 loco
676 3832 838 3891 binos
899 3836 1164 3893 ternosve
1222 3802 1297 3893 ut
1341 3825 1657 3893 scribatur
1698 3814 2032 3909 proponat.
2136 3825 2266 3891 Nos
2311 3842 2481 3909 vero,
2522 3842 2670 3889 cum

474 3935 736 4013 propter
779 3935 1210 4018 exemplorum
1265 3935 1543 4018 inopiam
1600 3932 1756 4000 nihil
1797 3933 2121 4000 diiudicari
2182 3932 2384 4015 possit
2425 3933 2504 3999 de
2547 3950 2671 3998 usu

478 4043 843 4124 Annaeano,
885 4042 1092 4109 locum
1131 4044 1539 4110 immutatum
1580 4043 2025 4124 relinquemus,
2122 4042 2216 4109 Re
2257 4059 2409 4108 vera
2449 4044 2669 4107 autem

474 4151 753 4233 quadrat
813 4151 881 4218 in
924 4150 1080 4219 illud
1139 4156 1549 4237 praeceptum
1604 4171 1704 4235 ep.
1750 4153 1848 4232 86,
1911 4153 1989 4217 13
2034 4174 2251 4231 parum
2308 4160 2393 4217 est
2440 4173 2672 4217 mere

479 4271 832 4339 uuyueutmn
879 4269 999 4328 uisi
1042 4268 1132 4328 bis
1174 4270 1270 4329 die
1323 4272 1525 4343 terque
1572 4270 1910 4336 renovatur,
1958 4282 2032 4326 ne
2083 4268 2382 4325 evanescat
2424 4265 2491 4323 iu
2538 4281 2669 4325 eor-

467 4392 617 4449 pore
667 4375 734 4437 et
777 4371 859 4437 di.
903 4370 998 4437 III
1042 4372 1140 4455 17,
1185 4372 1226 4436 6
1271 4380 1409 4451 post
1451 4377 1702 4437 duorum
1746 4376 1993 4436 triumve
2029 4372 2373 4453 sanquinem
2404 4373 2669 4433 occidere
