3009 5000
1434 389 1515 457 10

377 596 823 669 tractamusque.
906 588 1109 654 Multo
1155 583 1356 655 mitior
1398 594 1496 655 est
1540 591 1725 673 copia
1751 591 2207 675 exemplorum,
2248 593 2313 659 in
2336 594 2570 676 quibus

374 695 766 762 adfinitatem
811 701 1006 780 atquc
1045 697 1240 764 etiam
1269 715 1644 764 consensum
1670 700 2006 766 verborum
2034 701 2373 769 observare
2399 703 2565 770 licet.

374 807 656 872 Rariora
690 805 944 888 quidem
985 806 1144 872 talia
1185 815 1406 887 erunt,
1471 809 1691 892 paucis
1734 809 2017 891 exceptis
2060 827 2225 891 quae
2266 815 2341 876 ut
2382 819 2571 878 sciens

373 922 681 996 volensque
745 917 809 980 in
877 916 1398 984 consuetudinem
1437 918 1767 1025 abierunt,
1837 919 2010 1000 apud
2048 911 2419 1002 scriptorem
2456 919 2565 1003 qui

375 1028 696 1090 contracto
737 1029 806 1092 et
847 1026 1149 1093 adstricto
1198 1026 1443 1092 dicendi
1473 1044 1705 1110 genere
1742 1032 1981 1108 utatur,
2028 1026 2461 1112 frequentiora
2491 1046 2570 1095 ea

372 1150 515 1200 esse
557 1134 725 1216 apud
751 1133 1052 1201 Senecam
1098 1128 1259 1201 nihss
1299 1134 1658 1201 mirandum
1698 1139 1815 1220 est,
1857 1141 2083 1219 utpote
2113 1133 2213 1204 cui
2236 1143 2565 1219 tamquam

374 1257 452 1306 ex
494 1242 714 1324 pleno
703 1247 918 1326 atque
959 1244 1217 1323 perenni
1257 1223 1432 1310 fonte
1469 1259 1671 1310 novae
1713 1253 1965 1327 semper
1989 1246 2329 1313 verborum
2358 1246 2567 1312 undae

329 1369 344 1387 ·
373 1348 676 1416 adfluunt.
747 1351 1044 1418 Tertium
1111 1367 1312 1434 genus
1350 1370 1479 1418 non
1518 1354 1727 1418 minus
1768 1351 2095 1435 frequens,
2163 1355 2331 1435 quod
2372 1373 2567 1436 oppo-

373 1457 626 1526 sitione·
653 1459 945 1541 quadam
988 1460 1350 1526 verborum
1363 1462 1737 1543 insignitur,
1802 1463 1887 1529 ad
1932 1465 2395 1530 inlustrandam
2433 1463 2565 1530 vim

369 1569 723 1651 particulae
774 1589 885 1650 que
925 1571 1206 1636 omnium
1251 1571 1533 1636 maxime
1574 1573 1797 1654 aptum
1848 1577 1967 1638 est.
2054 1573 2353 1638 Inti'mam
2396 1573 2567 1638 enlm

374 1677 897 1744 consociationem
963 1694 1078 1760 per
1145 1696 1284 1744 eam
1349 1679 1481 1745 fieri
1528 1677 1673 1746 inde
1713 1681 2130 1765 intellegitur,
2194 1681 2364 1764 quod
2404 1683 2462 1746 ὲι
2501 1683 2571 1746 et

373 1783 574 1867 atque,
627 1801 896 1869 quornm
965 1789 1198 1870 alioqui
1266 1790 1619 1856 communis
1680 1807 1891 1874 saepe
1920 1808 2059 1856 cum
2102 1813 2215 1871 qm
2252 1807 2405 1857 usus
2446 1793 2569 1872 esti,

372 1891 456 1962 ab
515 1895 634 1962 hoc
689 1897 924 1978 genere
967 1898 1170 1979 magis
1215 1899 1577 1964 abhorrent.
1663 1884 2009 1966 Discrimen
2052 1906 2268 1966 tamen
2308 1897 2569 1981 aliquod
2698 1932 2703 1944 ·

375 1999 904 2072 animadvertitur
967 2006 1132 2072 inter
1193 2023 1304 2073 eos
1362 2007 1559 2086 Ιοοοε,
1627 2006 1733 2073 ubi
1796 2025 1909 2090 per
1966 2015 2079 2088 que
2136 2008 2419 2074 diversas
2438 2017 2443 2026 ·
2460 2023 2571 2072 res

373 2119 513 2180 arte
574 2116 848 2197 scriptor
892 2115 1164 2198 copulat.
1248 2113 1435 2182 Ratio
1478 2115 1661 2182 enim·
1689 2133 1901 2186 rerum
1942 2117 2108 2182 inter
2142 2135 2215 2183 se
2254 2114 2566 2198 opposita-

375 2231 518 2289 rum
585 2224 733 2290 talis
799 2241 938 2290 esse
995 2229 1236 2307 potest,
1303 2230 1378 2291 ut
1432 2230 1547 2291 ant
1599 2225 1943 2291 excludant
1980 2226 2245 2291 inv-icem
2284 2229 2401 2290 aut
2441 2241 2567 2289 non

373 2333 718 2400 excludant
757 2339 898 2400 cum
944 2334 1110 2400 modi
1155 2335 1373 2418 potius
1416 2333 1698 2418 finesque
1738 2335 2167 2418 designentur,
2205 2335 2377 2399 intra
2406 2346 2567 2416 quos

373 2449 476 2509 res
539 2451 668 2509 una
735 2447 932 2527 atque
991 2443 1214 2511 eadem
1258 2450 1564 2511 versetur.
1648 2445 1751 2512 Sic
1791 2455 1928 2511 emat
1966 2451 2325 2525 redamatque
2362 2449 2567 2510 sidera

373 2552 461 2631 (d.
511 2553 567 2619 b.
611 2552 720 2619 VI.
765 2552 926 2637 220,
1001 2554 1153 2635 quia
1221 2570 1302 2620 ex
1364 2555 1466 2621 his
1526 2552 1773 2621 duobus
1816 2552 2090 2621 motibus
2132 2542 2271 2620 tota
2310 2552 2563 2621 meandi

370 2660 535 2727 ratio
567 2664 980 2744 componitur,
1027 2664 1118 2730 sic
1151 2665 1240 2729 eis
1271 2665 1438 2747 quae
1457 2670 1801 2746 continqvmt
1826 2672 2210 2743 acciduntque
2228 2663 2351 2744 (ep.
2374 2662 2475 2742 66,
2491 2660 2566 2743 6)

373 2770 866 2853 comprobantur
936 2771 1225 2838 diversae
1294 2772 1587 2837 fortunae
1633 2772 1831 2850 vices,
1908 2790 2180 2855 quarum
2241 2770 2565 2838 notionum

370 2880 435 2944 in
481 2888 676 2945 unum
719 2878 1165 2947 confluentium
1207 2884 1358 2962 apte
1391 2899 1506 2964 per
1534 2904 1643 2961 que
1674 2879 1813 2947 fieri
1834 2880 2339 2963 ,complexionem
2369 2880 2565 2945 mani-
2630 2866 2635 2875 ’

370 2976 605 3055 festum
648 2991 762 3053 est.
849 2989 1018 3054 Bene
1059 3006 1214 3070 ergo
1253 2994 1719 3071 componuntur
1760 2991 1851 3055 ita
1880 2990 2073 3057 etiam
2103 2989 2357 3055 diversa
2384 2988 2563 3054 verbi

371 3100 682 3178 tempora,
725 3097 953 3180 quibus
999 3115 1135 3162 rem
1178 3097 1459 3179 aliquam
1502 3116 1617 3179 per
1638 3097 1941 3180 longioris
1961 3096 2263 3179 temporis
2282 3087 2561 3177 spatium

372 3199 626 3271 extendi
667 3200 1001 3272 indicatur.
1089 3205 1394 3272 Attamen
1435 3224 1561 3272 non
1608 3207 1841 3287 ubique
1884 3222 2189 3288 agnosces
2216 3203 2409 3273 talem
2435 3204 2565 3270 sive

371 3318 732 3398 temporum
797 3314 928 3381 sive
992 3316 1326 3381 verborum
1389 3315 1831 3381 diversitatem
1850 3364 1865 3395 ,
1918 3332 2087 3395 quae
2150 3314 2215 3377 in
2255 3312 2565 3379 unitatem

370 3425 606 3490 iterum
673 3430 874 3490 coeat.
985 3423 1164 3501 Quid·
1221 3424 1388 3505 quod
1452 3424 1512 3491 d.
1556 3426 1616 3491 b.
1664 3424 1693 3489 I
1734 3426 1797 3505 9,
1842 3426 1883 3489 2
1914 3424 2103 3506 ,legis
2168 3429 2363 3488 colum
2408 3428 2566 3486 enm

374 3536 850 3613 detestanturque
909 3538 1162 3611 felicem,
1228 3537 1343 3599 aut
1393 3533 1589 3615 paulo
1630 3536 1779 3614 post
1821 3535 1929 3618 10,
1974 3534 2013 3597 3
2047 3538 2279 3611 ponunt
2320 3536 2565 3608 mmm

369 3626 790 3722 fayanturque.
875 3641 1143 3707 Frustra
1206 3641 1308 3711 hic
1373 3642 1634 3707 tertium
1672 3658 1942 3723 quaeres
1958 3692 1973 3721 ,
2041 3640 2207 3721 quod
2251 3639 2317 3704 in
2354 3656 2422 3703 se
2451 3656 2567 3703 re-

371 3748 566 3831 cipiat
615 3754 682 3814 et
719 3749 784 3814 in
827 3741 1022 3815 unum
1063 3752 1330 3817 misceat
1371 3750 1498 3816 duo
1540 3750 1655 3816 illa
1694 3749 1905 3816 verba.
1960 3750 2089 3814 -Ea
2133 3764 2284 3829 ergo
2326 3746 2563 3815 talibus

374 3858 538 3925 locis·
589 3864 687 3925 est
725 3859 820 3925 vis
861 3860 1028 3924 vocis
1091 3884 1232 3941 que,
1297 3866 1373 3929 ut
1412 3860 1785 3926 intentiores
1826 3876 1941 3925 nos
1981 3857 2177 3923 faciat
2218 3858 2284 3923 in
2325 3856 2564 3923 diesen·-

377 3967 615 4033 sicnem
657 3987 892 4048 rerum,
953 3986 1118 4049 quae
1160 3974 1276 4037 aut
1316 3969 1536 4039 eodem
1581 3974 1869 4049 tempore
1908 3970 2025 4033 aut
2066 3984 2213 4031 cum
2234 3965 2561 4033 .vicissitu-

373 4073 524 4154 dine
588 4077 863 4156 quadam
917 4078 1097 4144 fiunt.
1181 4078 1304 4147 Sed
1368 4085 1517 4147 utut
1556 4082 1657 4145 est
1699 4077 1865 4145 ratio
1908 4074 2252 4146 verborum
2270 4075 2389 4146 -ita,
2418 4092 2560 4141 con-

375 4182 726 4257 iunctorum
745 4236 762 4265 ‚
825 4187 890 4253 id
933 4194 1186 4257 constat
1234 4192 1559 4272 proprium
1600 4191 1667 4253 et
1704 4186 2023 4269 peculiare
2058 4186 2183 4251 hoc
2226 4184 2561 4267 copulandi

377 4310 606 4359 munus
647 4312 790 4363 esse
831 4296 1185 4376 particulae
1226 4320 1352 4377 que.

524 4416 530 4423 ·
565 4408 800 4485 Atque,
823 4404 1017 4487 quod
1058 4403 1344 4475 abundat
1381 4407 1466 4474 in»
1484 4404 1933 4489 componendis
1972 4404 2179 4475 verbis
2210 4404 2571 4479 varias-res,
