3009 5000
1546 394 1633 473 20³

392 638 405 655 ι
488 597 762 666 Fallitur
803 601 913 682 qui
955 603 1276 676 inversum
1298 636 1304 645 ·
1323 621 1458 670 esse
1480 607 1787 687 ordinem,
1832 608 1925 674 ita
1970 611 2044 672 ut
2090 625 2207 673 vox
2230 608 2425 675 latius
2467 611 2697 692 patens

483 711 756 792 priorem
782 716 1000 777 teneat
1019 711 1254 794 sedem,
1297 719 1627 794 sequatur·
1651 717 1821 782 notio
1844 714 2118 797 inferior,
2163 716 2393 784 iudicet
2436 717 2518 782 di.
2543 717 2599 781 X
2630 721 2696 798 4,

486 819 528 882 4
583 811 686 898 qm·
751 820 861 899 (sc.
923 819 1280 904 Augustus)
1335 829 1664 889 hominum<
1710 831 2091 906 qentibusque
2143 831 2446 904 fortunam
2496 833 2699 893 dabat.-

489 925 832 995 Evanescit
875 933 1046 995 certe
1089 935 1232 996 tota
1273 932 1627 999 sententiae
1669 934 1783 1012 vis,
1826 934 1881 998 si
1908 939 2233 999 hominibus
2274 934 2375 1000 de·
2396 937 2534 1001 toto
2577 935 2695 1000 ho-

485 1037 728 1100 minum
757 1055 988 1117 genere
1031 1039 1207 1104 cuius
1243 1044 1464 1120 partes
1507 1043 1637 1107 sint
1661 1051 1885 1122 yeme,-
1925 1041 2163 1106 dictum
2190 1045 2397 1123 putes,
2482 1043 2691 1109 Immo

485 1160 562 1208 ea
604 1149 706 1210 est
749 1145 1082 1212 verborum
1127 1148 1456 1229 oppositio,
1492 1155 1574 1228 ut
1618 1157 1873 1216 hommes
1917 1151 2046 1217 sint
2072 1150 2325 1232 singuli,
2370 1169 2427 1216 a·
2450 1151 2689 1233 quibus

487 1251 938 1334 progrediatur
982 1255 1188 1320 oratio
1231 1255 1310 1321 ad
1355 1261 1528 1323 totas
1569 1259 1855 1323 civitates
1894 1273 2083 1340 quae
2074 1274 2179 1322 ex
2220 1259 2523 1324 societate
2568 1259 2695 1323 sin-

493 1361 784 1442 gulorum
827 1362 1261 1429 conficiuntur.
2054 1389 2059 1392 ·
2308 1383 2317 1393 ·

681 1470 832 1536 Hoc
869 1471 1008 1535 loco
1064 1475 1396 1550 praeterea
1452 1489 1566 1536 eae
1608 1472 2024 1538 nominandae
2067 1472 2220 1539 mihi
2258 1477 2423 1539 sunt
2464 1471 2691 1538 verbo-¹

485 1595 628 1643 rum
673 1580 1160 1660 compositiones
1205 1596 1366 1659 quas
1409 1582 1650 1662 volgari
1704 1586 1770 1647 et
1826 1583 1994 1662 trito,
2056 1581 2165 1648 sed
2218 1582 2389 1648 inani
2434 1571 2695 1647 nomine

484 1681 556 1750 ἓν
599 1682 708 1752 διὰ
761 1689 947 1753 δυοῖν
990 1692 1234 1754 vocant.
1320 1685 1643 1754 Nam-hoc
1657 1705 1888 1755 nomen
1918 1690 1971 1756 si
2008 1689 2363 1772 adplicat-es
2384 1691 2477 1757 eis
2521 1707 2690 1756 com·

481 1791 898 1873 positionibus
955 1793 1186 1872 quibus
1251 1811 1420 1859 vere·
1439 1794 1747 1872 convenit,
1802 1794 1987 1877 longe
2030 1795 2203 1860 aliud
2250 1798 2687 1880 exemplorum

483 1917 686 1981 genus
729 1917 804 1966 eo
862 1905 1117 1966 notares
1173 1917 1364 1980 quam
1419 1902 1603 1982 volgo
1646 1903 1741 1968 ita
1796 1893 2001 1968 vocari
2055 1905 2298 1971 volunt.
2392 1907 2485 1970 Re
2503 1942 2511 1955 ·
2530 1925 2687 1972 vera

485 2010 652 2074 enim
695 2003 768 2073 ἓν
809 2007 883 2074 fit
925 2005 1034 2074 διὰ
1079 2009 1286 2075 δυοῖν.
1308 2017 1446 2076 tum
1487 2015 1759 2090 tantum,
1818 2012 1899 2077 si·
1925 2012 2089 2078 duae
2110 2044 2117 2056 ·
2138 2029 2305 2094 quae
2336 2019 2683 2095 ponuntur.

486 2119 776 2184 notiones
819 2119 1010 2184 aliam
1057 2120 1376 2200 quandam
1419 2121 1587 2202 ipsis
1602 2121 1988 2204 superiorem
2031 2139 2115 2186 ex
2154 2140 2221 2186 se
2264 2101 2556 2204 gignunt,
2606 2127 2685 2188 ut
2760 2171 2773 2181 .

481 2235 646 2292 terra
687 2233 958 2308 marique
998 2229 1227 2295 dicitur
1266 2247 1404 2309 pro.
1421 2237 1635 2309 ubique
1674 2231 1775 2296 vel
1816 2237 1967 2296 diem
2010 2239 2065 2296 et
2102 2219 2323 2296 noctem
2364 2247 2478 2321 pro
2504 2251 2511 2268 ¹
2534 2253 2685 2297 sen·-

469 2357 602 2414 ρον,
670 2334 770 2403 vel
829 2343 986 2401 vitae
1043 2344 1316 2416 necisque
1365 2348 1712 2417 potestatem
1772 2339 1826 2402 si
1850 2343 1853 2348 ’
1881 2345 2174 2415 infinitam
2232 2339 2683 2422 intellegimus.

481 2433 657 2510 Sole't
721 2449 935 2511 autem
1001 2443 1168 2511 illius
1231 2445 1474 2528 figurae
1536 2463 1763 2513 nomen
1827 2448 2121 2529 usurpari
2162 2448 2263 2515 -de
2318 2449 2689 2516 notionibus

475 2553 728 2621 duabus
770 2572 935 2636 quae
978 2572 1290 2634 ex-aequo
1333 2562 1673 2635 ponuntur,
1718 2574 1863 2621 cum
1892 2556 2093 2621 altera
2118 2556 2301 2622 alteri
2331 2556 2685 2625 inhaereat.

483 2662 710 2745 Itaque
749 2674 992 2743 paterae
1030 2675 1084 2730 et
1119 2688 1336 2731 auream
1376 2666 1596 2745 (Verg.
1640 2666 1869 2746 Georg.
1910 2665 1973 2730 II
2019 2666 2165 2748 192)
2208 2660 2293 2729 ,ἓν
2346 2660 2455 2731 διὰ
2493 2666 2687 2732 δυοῖν

478 2790 616 2838 esse
693 2772 1114 2851 contendunt,
1183 2773 1332 2856 quia
1395 2790 1517 2838 non
1594 2768 1831 2839 dictum
1887 2775 1973 2840 sit
2025 2796 2243 2839 aureae
2275 2785 2522 2854 paterae
2566 2778 2681 2843 sed

477 2883 685 2961 ipsum
728 2898 954 2947 aurum
1021 2881 1204 2963 quasi
1257 2881 1384 2947 alia
1441 2886 1508 2947 et
1565 2882 1817 2947 diversa
1872 2902 1913 2947 a
1952 2882 2194 2963 pateris
2248 2899 2351 2946 res
2392 2882 2683 2949 additum

475 2991 578 3056 sit.
648 2989 834 3056 Sane
871 2984 956 3053 τὰ
997 2983 1116 3053 δύο
1160 3007 1452 3071 agnosco,
1497 2989 1605 3054 ubi
1648 3008 1795 3055 vero
1842 2989 1997 3057 illud
2058 2991 2147 3056 sit
2185 2984 2257 3055 ἓν
2295 3009 2423 3056 ιιοιι
2467 2992 2679 3059 video.

477 3100 537 3164 N
539 3118 642 3165 am
707 3100 881 3182 quod⁴
945 3118 1024 3164 ex
1082 3105 1312 3181 patera·
1357 3103 1438 3163 ‘et
1499 3117 1657 3165 auro
1708 3100 2113 3182 ‘componitur
2156 3118 2285 3177 vae,
2338 3099 2485 3166 licet
2528 3120 2675 3166 con-

377 3221 394 3243 *
476 3216 696 3291 spectu
731 3226 930 3273 unum
967 3208 1068 3286 sit,
1107 3211 1326 3273 tamen
1363 3208 1417 3271 si
1439 3205 1706 3271 formam
1736 3207 1993 3287 respicis
2034 3210 2131 3271 est
2140 3210 2394 3287 patera,
2440 3226 2672 3274 aurum

476 3318 529 3384 si
571 3318 920 3385 materiam.
1005 3317 1140 3382 Nos
1177 3316 1430 3399 quidem,
1458 3315 1795 3382 vernacule
1815 3316 2083 3381 dicimus
2122 3308 2139 3334 ‘
2160 3316 2389 3396 goldne
2418 3312 2677 3383 Schale'

483 3428 670 3506 quod,
717 3441 856 3491 cum
881 3426 1118 3490 maiore
1175 3425 1238 3490 vi
1280 3431 1615 3505 prematur
1658 3442 1884 3490 nomen
1935 3423 2420 3503 substantivum,
2470 3426 2533 3490 id
2576 3432 2681 3493 est

478 3536 618 3617 ipsa
655 3552 777 3614 res,
817 3539 891 3602 at
917 3534 1194 3617 qualitas
1223 3534 1314 3599 rei
1357 3534 1664 3599 adiectivo
1708 3534 1975 3609 nomine,
2030 3532 2092 3596 id
2143 3536 2244 3599 est
2284 3531 2679 3615 dependente

473 3658 516 3705 e.
547 3640 942 3707 substantivo
995 3640 1322 3719 indicetur,
1345 3620 1671 3705 ‘sensibus
1710 3644 1802 3705 -et
1844 3639 2040 3707 oculis
2085 3647 2305 3721 sponte
2349 3646 2423 3707 ut
2463 3662 2662 3709 unum

473 3751 802 3817 subicitur.
905 3750 1031 3815 Sed
1097 3756 1274 3815 errat
1337 3750 1446 3830 qui
1510 3749 1795 3815 versione
1860 3754 2079 3815 nostra
2122 3751 2311 3831 plene
2353 3751 2665 3818 redditam

471 3864 656 3940 putet
696 3861 822 3923 vim
885 3862 1112 3925 vocum
1159 3868 1409 3937 paterae
1451 3866 1507 3923 et
1548 3859 1780 3923 abarum.
1868 3856 2039 3923 Nihil
2067 3856 2256 3939 plane
2303 3857 2504 3925 'refert
2540 3878 2669 3941 quo

477 3970 660 4034 modo
703 3988 818 4035 nos
859 3974 1118 4034 nostrae
1145 3968 1400 4049 linguae
1441 3968 1639 4033 verba
1675 3966 2007 4047 scriptoris
2036 3967 2427 4047 mandemus,
2473 3968 2672 4034 Erra—

473 4078 564 4141 vit
607 4078 803 4159 igitur
822 4078 1112 4155 Bothum,
1160 4078 1266 4157 qui
1307 4078 1375 4143 in
1396 4077 1611 4143 libello
1653 4076 1734 4140 de
1774 4070 1849 4140 ἓν
1888 4070 1997 4140 διὰ
2034 4075 2219 4140 δυοῖν
2260 4071 2467 4157 fig‘ura
2493 4078 2664 4159 apud

474 4186 762 4253 Tacitum
797 4188 1142 4268 composito
1171 4191 1478 4267 quattuor
1505 4186 1693 4254 huius
1722 4185 1963 4265 figurae
1993 4202 2225 4266 genera
2254 4183 2665 4252 discernenda

473 4314 610 4361 esse
653 4296 900 4363 statui&
983 4297 1155 4361 Nihil
1199 4303 1423 4362 autem.
1466 4304 1765 4374 errasset,
1832 4296 2233 4374 ssi-quattuor.
2275 4292 2475 4359 modis
2516 4311 2659 4359 eam

473 4424 512 4467 a
553 4406 730 4470 nobis
767 4407 945 4471 reddi
989 4408 1274 4472 dixisset.
1361 4404 1665 4469 Nostrum
1697 4407 1793 4471 est
1834 4404 2172 4468 aestimare
2200 4420 2275 4469 ac
2303 4404 2675 4483 >ponderares
