3009 5000
333 613 546 696 ticipia
647 614 995 696 composita
1081 604 1224 679 cum
1304 632 1454 680 voce
1539 620 1605 679 in
1694 613 2093 696 copulantur.
2226 605 2532 677 Undecim

335 724 489 789 locis
531 727 746 791 exstat
786 743 930 802 qne:
1000 722 1082 788 di.
1131 723 1198 788 II
1241 724 1301 803 6,
1360 724 1418 788 5.
1487 723 1571 788 di.
1615 723 1684 788 II
1726 723 1783 800 6,
1832 723 1888 787 7.
1956 722 2039 787 (11.
2083 721 2184 786 ΠΙ
2226 721 2283 800 8,
2326 720 2383 785 7.
2443 719 2526 784 (11.

333 831 419 898 IV
492 830 594 912 35,
659 832 716 897 5.
760 831 842 896 di.
902 831 994 897 VI
1062 832 1118 915 7,
1189 832 1248 898 4.
1317 831 1398 898 di.
1442 831 1569 898 VII
1609 833 1666 912 4,
1724 832 1784 896 4.
1830 830 1910 896 di.
1957 827 2048 895 IX
2091 831 2188 909 10,
2235 830 2293 895 6.
2336 828 2417 894 (11.
2464 829 2525 893 X

333 940 395 1021 9,
437 941 498 1006 4.
539 957 602 1005 n.
645 957 706 1020 q.
753 940 856 1006 ΙΙΙ
898 959 993 1022 pr.
1062 942 1158 1008 13.
1217 940 1461 1006 duobus
1510 949 1683 1020 atque
1733 959 1830 1021 ep.
1888 939 2090 1020 56,·9.
2134 958 2231 1020 ep.
2276 939 2375 1018 71,
2424 939 2523 1004 13.

531 1050 878 1116 Attulimus
943 1068 1138 1131 supra
1191 1068 1300 1116 eos
1353 1050 1543 1130 locos,
1600 1049 1706 1114 ubi
1761 1067 1875 1132 per
1925 1071 1996 1114 ae
2052 1049 2361 1129 prioribus
2415 1047 2524 1112 ad-

309 1175 562 1223 ·nexum
627 1165 726 1225 est
799 1158 1264 1225 substantivum
1344 1165 1525 1225 libido
1588 1157 1778 1238 idque
1840 1162 2099 1242 propter
2158 1157 2441 1223 litteram
2504 1163 2527 1221 i

331 1265 571 1332 factum
615 1285 756 1333 esse
794 1266 1116 1349 probabile
1162 1267 1340 1334 nobis
1407 1269 1617 1334 visum
1656 1269 1772 1333 est.
1858 1265 2035 1344 Quae
2070 1267 2383 1332 sententia
2425 1285 2525 1332 ro·

331 1376 453 1441 bur
494 1375 724 1457 accipit
760 1376 962 1442 altero
1005 1375 1297 1458 exemplo
1341 1377 1404 1440 in
1448 1393 1574 1456 quo
1620 1393 1745 1440 non
1788 1375 1994 1440 minus
2034 1375 2385 1454 legitimum
2426 1379 2526 1438 est

329 1509 417 1552 ae.
512 1486 905 1552 Adiectivu'm
951 1491 1197 1551 liberum
1245 1486 1402 1565 dico,
1461 1485 1630 1567 quod
1668 1483 1761 1550 ita
1803 1485 2203 1551 coniunctum
2245 1486 2525 1566 complu-

309 1587 512 1661 'ribus
555 1595 705 1661 locis
751 1593 997 1660 obviam
1043 1599 1158 1661 est.

475 1733 862 1784 exauctoratus
898 1745 964 1784 ac
999 1729 1131 1784 liber
1167 1746 1250 1798 ep.
1287 1729 1374 1793 32,
1415 1731 1464 1786 5.
1574 1729 1636 1784 in
1669 1744 1891 1800 corpore
1924 1728 2101 1784 valido
2136 1744 2203 1784 ac
2238 1729 2405 1785 libero
2440 1746 2527 1800 ep.

477 1828 567 1897 66,
603 1825 691 1880 22.
762 1825 998 1896 intem-os
1033 1842 1100 1882 ac
1136 1826 1330 1882 liberos
1365 1843 1452 1896 ep.
1493 1827 1581 1895 94,
1622 1827 1709 1880 56.
1782 1841 2029 1881 securum
2066 1843 2133 1882 ac
2178 1827 2405 1882 liberum
2440 1845 2526 1897 ep.

485 1925 607 1993 118,
645 1926 696 1978 3.
767 1924 978 1979 solutus
1013 1939 1080 1978 ac
1111 1923 1242 1978 liber
1277 1923 1330 1978 d.
1369 1923 1423 1977 b.
1459 1921 1513 1976 11
1552 1924 1635 1993 18,
1672 1925 1723 1976 5.
1820 1924 2071 1979 strictam
2108 1939 2173 1979 ac
2208 1923 2433 1978 liberam
2470 1921 2524 1980 d.

477 2020 532 2074 b.
570 2019 646 2076 IV
683 2022 771 2090 37,
810 2023 859 2075 8.
931 2037 998 2077 aa:
1033 2020 1332 2076 Macedone
1367 2020 1630 2076 delibero
1666 2019 1739 2074 di.
1778 2019 1828 2074 V
1868 2022 1951 2090 17,
1991 2023 2036 2074 1.
2117 2022 2261 2076 altus
2296 2035 2361 2075 ac
2396 2021 2529 2076 liber

478 2115 554 2171 di.
590 2115 640 2171 V
676 2117 764 2186 36,
800 2119 853 2172 2.

533 2213 675 2279 Uno
716 2216 968 2278 tantum
1014 2231 1073 2279 n.
1119 2230 1176 2294 q.
1221 2213 1356 2279 loco
1398 2213 1455 2278 V
1501 2212 1600 2291 15,
1652 2211 1691 2276 3
1736 2211 2261 2280 consentientibus
2305 2211 2527 2278 codici-

326 2321 452 2387 bus
496 2321 550 2388 B
593 2327 660 2386 et
702 2321 756 2386 E
801 2322 1036 2403 legitur
1079 2327 1384 2401 liberoque,
1433 2325 1647 2384 tamen
1691 2325 1765 2385 ut
1820 2301 2027 2385 extro}
2058 2337 2305 2385 omnem
2348 2320 2527 2385 dubi·

327 2418 636 2496 tationem
706 2448 849 2496 eum
914 2430 1186 2519 positum
1247 2443 1392 2496 esse
1449 2447 1575 2494 non
1624 2429 2001 2513 putaverim.
2110 2428 2271 2496 Sunt
2332 2429 2531 2495 verba

332 2542 492 2607 haec
547 2550 686 2608 ante
729 2546 1072 2621 Philippum
1113 2547 1496 2607 Macedonem
1548 2562 1716 2621 reyes
1753 2545 1940 2622 fuere,
1980 2546 2081 2620 qni
2114 2546 2429 2619 pecaniam
2466 2546 2529 2605 in

335 2657 642 2717 altissimis
683 2672 867 2729 usque
902 2656 1137 2716 latebris
1177 2661 1555 2731 sequerentur
1594 2659 1653 2717 et
1678 2660 1835 2717 recto
1878 2656 2099 2729 spiritu
2142 2656 2435 2730 liberoque
2462 2657 2527 2715 in

337 2766 473 2825 illos
527 2780 591 2823 se
633 2764 986 2823 dimitterent
1042 2780 1248 2837 specus
1296 2766 1362 2823 in
1413 2781 1557 2837 qnos
1596 2764 1825 2823 nullum
1874 2766 2125 2822 noctium
2188 2763 2526 2838 diermnqne

333 2875 668 2947 perveniret
711 2874 1040 2933 discrimen.
1126 2866 1325 2943 Plura.
1358 2868 1421 2931 in
1462 2866 1563 2933 his
1607 2866 2005 2933 offensionem
2049 2865 2305 2931 habent.
2390 2866 2527 2932 Pri-

337 2992 511 3039 mum
555 2981 921 3040 demitterent
961 2991 1082 3057 pro
1119 2980 1476 3041 dimitterent
1517 2975 1875 3057 legendum,
1932 2973 2157 3039 deinde
2211 2974 2405 3039 verba
2466 2982 2533 3039 in

334 3090 642 3171 altissimis
695 3106 876 3163 nsque
937 3090 1177 3149 latebris
1237 3092 1633 3164 sequerentur,
1705 3101 1869 3167 quae
1934 3084 2099 3149 idem
2156 3084 2287 3151 Sine
2340 3084 2531 3150 dubio

335 3192 554 3259 valent
631 3200 825 3273 atque
905 3200 970 3259 in
1030 3216 1317 3259 summam
1376 3198 1749 3259 altitudinem
1813 3198 2157 3259 descendere
2230 3193 2323 3259 ita
2389 3211 2525 3257 mu·

333 3301 531 3367 tanda
617 3307 692 3367 ut
774 3301 1104 3376 scribatur,
1196 3302 1361 3383 quod
1448 3304 1571 3366 iam
1644 3300 1920 3368 Haasius
1992 3300 2353 3384 suspicatus
2434 3308 2532 3368 est

335 3409 532 3493 praef.
600 3410 723 3475 vol.
791 3411 892 3477 ΙΠ
957 3429 1019 3491 p.
1089 3412 1169 3476 14
1228 3419 1294 3477 in
1354 3418 1691 3477 altissimas
1750 3433 1933 3491 usqne
1975 3416 2250 3477 latebras.
2364 3409 2528 3475 Nam

333 3542 516 3600 usqne
591 3536 732 3585 esse
799 3528 1100 3599 perpetuo,
1165 3525 1415 3585 adsidue
1485 3538 1669 3586 nemo
1731 3517 1917 3586 facile
1960 3518 2315 3598 crediderit,
2384 3536 2526 3584 cum

338 3628 682 3695 abhorreat
760 3646 801 3693 a
899 3646 1188 3694 sermone
1264 3631 1637 3707 Annaeano,
1722 3634 1793 3695 ut
1888 3629 2177 3694 omittam
2281 3629 2531 3695 inanem

337 3735 458 3803 hoc
497 3736 684 3803 modo
745 3734 906 3803 effici
949 3737 1348 3803 sententiam.
1433 3737 1531 3803 Ad
1585 3735 1992 3821 postremum,
2054 3755 2177 3819 quo
2230 3737 2368 3803 iure
2420 3736 2529 3805 Se-

336 3862 493 3913 neca
532 3844 674 3911 illos
739 3849 914 3911 recto
980 3845 1208 3927 spiritu
1251 3847 1579 3927 liberoque
1632 3866 1701 3913 se
1760 3846 2093 3912 demittere
2156 3845 2404 3927 dixerit,
2460 3850 2533 3912 ut

337 3972 623 4021 eruerem
665 3955 843 4022 nullo
896 3954 1078 4019 modo
1121 3954 1275 4020 mihi
1318 3954 1595 4037 contigit.
1703 3956 1909 4021 Immo
1965 3971 2107 4020 cum
2162 3955 2295 4020 alta
2350 3961 2533 4021 nocte

339 4070 712 4147 premantur
756 4063 845 4129 illi
891 4063 1285 4131 subterranei
1327 4082 1572 4146 specus,
1616 4063 1887 4129 liberum
1928 4064 2219 4145 spiritum
2264 4064 2531 4146 relinqui

339 4177 488 4255 puto
535 4172 616 4237 ab
656 4172 1012 4239 hominibus
1053 4174 1162 4254 qui
1218 4174 1280 4237 111
1322 4172 1463 4240 illos
1507 4192 1576 4239 se
1624 4173 2017 4255 demergant.
2122 4173 2321 4239 Unice
2380 4191 2531 4255 ergo

338 4299 557 4347 verum
600 4282 804 4349 iudico
849 4283 1018 4363 quod
1060 4281 1187 4347 iam
1219 4282 1302 4347 in·
1327 4282 1594 4347 vetustis
1632 4283 2013 4347 editionibus
2058 4282 2289 4363 legitur
2328 4288 2531 4348 relicto

341 4398 563 4471 spiritu
601 4396 805 4458 libero.
1337 4406 1340 4409 ’

711 4503 730 4535 s
2130 4506 2161 4554 3
