3009 5000
1304 455 1396 520 532

260 676 428 719 casus
495 662 741 720 excutiet
804 672 926 720 non
993 655 1073 720 ad
1137 653 1324 721 flores
1388 657 1752 738 respiciant,
1817 660 1927 726 sed
1987 662 2081 727 ad
2132 680 2241 728 eos
2283 679 2441 746 quos

261 761 544 829 amisisse
587 759 1026 846 gravissimum
1075 755 1374 831 damnum
1416 765 1701 832 habetur.

453 877 692 939 Aliter
741 898 821 940 ao
870 875 950 941 di.
999 875 1089 940 IX
1135 875 1233 956 17,
1287 875 1320 941 1
1370 875 1525 958 legis
1567 883 1919 956 deprehendi
1962 885 2135 946 aliter
2182 902 2252 945 ao
2302 886 2445 945 solet

255 989 472 1047 metuit.

327 1101 334 1106 “
451 1091 527 1159 N.
574 1113 633 1176 q.
657 1095 722 1158 II
765 1096 865 1176 59,
913 1096 952 1160 5
1015 1095 1092 1160 de
1134 1095 1378 1178 impetu
1422 1114 1641 1162 eorum
1684 1095 1791 1178 qui
1834 1096 1900 1160 in
1951 1114 2267 1164 summam
2330 1097 2438 1163 de-

253 1205 680 1284 sperationem
711 1205 916 1270 adacti
943 1208 1109 1290 sunt,
1153 1206 1315 1272 hane
1343 1203 1585 1306 profert
1615 1204 1995 1272 sententiam
2039 1205 2278 1272 Seneca
2320 1213 2441 1272 lon-

248 1335 430 1393 qeque
476 1320 781 1380 violentius
804 1337 1030 1396 semper
1057 1339 1128 1382 ex
1167 1323 1501 1382 necessitate
1542 1339 1716 1396 quam
1744 1339 1816 1381 em
1856 1321 2073 1380 virtute
2112 1321 2444 1395 confliyitur
2542 1407 2553 1418 ·

252 1421 365 1501 (sic
406 1422 566 1488 bene
598 1422 919 1506 Hauptius
958 1442 1075 1506 pro
1095 1426 1456 1508 conruiturk
1490 1431 1721 1490 maiora
1759 1433 1865 1488 aut
1907 1432 2060 1488 certe
2091 1430 2313 1502 paria
2352 1445 2443 1488 eo-

253 1539 438 1595 natm
505 1539 738 1598 animus
800 1556 1049 1614 maynus
1108 1557 1146 1598 a
1161 1558 1192 1600 c
1247 1539 1539 1612 perditus.
1624 1532 1835 1598 Unum
1898 1531 2117 1596 vitium
2184 1531 2448 1597 Sustulit

252 1637 594 1724 Hauptius,
640 1641 912 1706 alterum
957 1649 1029 1708 ut
1071 1641 1334 1708 tollatur
1379 1641 1691 1721 reliquum
1734 1645 1853 1721 est,
1897 1645 1971 1704 ut
2014 1639 2283 1704 duorum
2333 1638 2441 1704 ad·

250 1748 622 1816 iectivorum
667 1749 918 1817 sedibus
961 1751 1226 1846 mutatis
1265 1750 1580 1817 scribatur
1619 1757 1892 1830 perditus
1932 1772 2005 1816 ac
2028 1772 2296 1830 myrtus.
2342 1767 2441 1830 ep.

254 1857 356 1937 90,
403 1859 488 1924 40
525 1882 666 1938 par
708 1869 838 1924 erat
876 1865 1124 1925 alterius
1162 1884 1249 1926 ac
1297 1867 1394 1924 moi
1435 1883 1598 1924 cura.

462 1974 658 2033 Idem
698 1991 775 2033 ao
815 1985 932 2051 ego
989 1967 1242 2052 quidem
1285 1969 1484 2034 semel
1529 1973 1777 2032 tantum
1817 1966 1941 2050 legi
1985 1973 2139 2033 idom
2180 1974 2443 2034 accidere

251 2081 334 2140 in·
357 2081 536 2141 rebus
571 2083 836 2142 civilibus
875 2101 946 2144 ao
990 2083 1312 2142 domesticis
1343 2085 1500 2142 scias
1542 2075 1623 2140 di.
1670 2076 1722 2140 V
1770 2077 1825 2152 7,
1875 2077 1931 2140 1.

459 2183 648 2250 Haud
689 2202 836 2250 raro
857 2184 1094 2251 Seneca
1123 2185 1186 2249 in
1211 2183 1649 2250 adverbiorum
1680 2185 1885 2249 locum
1916 2185 2441 2267 praepositionem

251 2317 324 2359 ex
367 2312 512 2358 cum
552 2299 797 2360 neutro·
825 2295 1112 2362 adjectivi
1172 2295 1567 2360 coniunctam
1622 2293 1969 2374 substituit,
2025 2299 2099 2359 ut
2140 2317 2211 2360 ea:
2260 2315 2443 2374 aequo

257 2420 376 2484 pro
423 2426 616 2484 aeque.
664 2405 892 2485 Itaque
911 2404 1163 2484 scripsit
1207 2427 1286 2470 ex
1327 2427 1545 2484 aequo
1590 2425 1838 2484 ’παρῆκε
1881 2426 1963 2468 ae
2008 2409 2305 2468 vehemens
2342 2419 2440 2484 ep.

251 2514 354 2590 66,
397 2516 458 2579 6.
502 2537 585 2580 ex
625 2538 842 2595 aequo
896 2522 1030 2581 boni
1069 2539 1140 2581 ac
1179 2521 1322 2580 mali
1367 2519 1577 2592 ferunt
1618 2512 1675 2579 d.
1731 2512 1789 2579 b.
1836 2514 1922 2577 IV
1976 2514 2077 2594 28,
2122 2515 2181 2579 2.
2268 2512 2441 2590 Quos

248 2623 420 2689 locos
462 2623 968 2708 Rauschningius
1011 2640 1133 2689 non
1177 2623 1398 2689 debuit
1450 2624 1760 2688 omittere.
1798 2618 1803 2625 ’

461 2732 646 2799 Modo
687 2752 832 2799 cum
873 2757 942 2799 ac
983 2732 1167 2798 modo
1214 2746 1356 2797 cum
1411 2755 1522 2813 que
1562 2732 1979 2814 compositum
2021 2732 2179 2813 legis
2220 2731 2443 2795 adver-

251 2842 426 2908 bium
458 2849 772 2921 pariter,
815 2848 1008 2922 atque
1037 2839 1194 2906 illud
1215 2841 1392 2922 prius
1421 2838 1673 2922 quidem
1707 2839 1814 2905 his
1842 2839 2027 2905 locis:
2055 2862 2167 2905 sua
2206 2847 2343 2919 fata
2372 2864 2443 2921 p.

254 2974 328 3017 aa
389 2950 630 3030 publica
695 2964 792 3029 ep.
859 2949 959 3032 94,
1023 2948 1126 3013 65.
1191 2955 1402 3027 pueri-3
1443 2971 1506 3025 p.
1552 2970 1625 3011 ac
1681 2952 1919 3023 feminis
1958 2946 2041 3013 di.
2084 2946 2174 3011 IV
2222 2948 2337 3027 31,
2386 2948 2445 3014 6.

249 3064 472 3124 nobilia
508 3080 572 3137 p.
619 3067 792 3137 atque
831 3062 1123 3121 adornata
1164 3073 1226 3119 n.
1269 3072 1328 3136 q.
1374 3055 1475 3119 111
1504 3054 1607 3131 29,
1630 3054 1690 3120 9.
1735 3060 1993 3121 humana
2023 3078 2093 3135 p.
2140 3078 2209 3121 ac
2239 3062 2445 3122 divina

249 3168 334 3233 di.
375 3170 407 3233 I
450 3168 508 3246 5,
554 3167 613 3231 8.
659 3171 880 3231 contra
915 3186 1053 3245 que:
1099 3171 1330 3243 asperas
1369 3167 1654 3243 blandisq·
1684 3186 1748 3242 p.
1790 3169 2039 3229 invictus
2082 3182 2177 3246 ep.
2228 3165 2327 3243 66,
2378 3166 2439 3229 6.

253 3283 474 3341 divinis
513 3281 839 3355 hwmanisq.
885 3280 1061 3339 rebus
1102 3297 1169 3352 p.
1222 3294 1442 3352 aequus
1492 3289 1589 3354 ep.
1635 3271 1774 3345 120,
1832 3271 1928 3336 13.
2006 3278 2073 3336 in
2118 3358 2121 3363 ¹
2124 3279 2446 3351 perniciem

253 3392 512 3452 alienam
546 3408 769 3465 suamq.
802 3406 870 3463 p.
913 3388 1334 3447 multaturam
1371 3380 1430 3445 d.
1475 3380 1550 3445 cl.
1579 3379 1610 3443 1
1657 3381 1711 3457 1,
1760 3381 1815 3445 1.
1876 3385 2151 3458 infestam
2187 3404 2255 3460 p.
2290 3388 2441 3445 invi-

250 3517 434 3575 samq.
481 3492 562 3557 di.
606 3492 695 3557 IV
737 3492 837 3568 35,
883 3491 941 3554 5.
987 3489 1273 3571 Denique
1313 3503 1411 3570 ep.
1457 3488 1557 3572 24,
1606 3489 1682 3554 18
1726 3495 1877 3554 bona
1912 3513 1986 3568 p,
2030 3496 2244 3569 malm.
2292 3508 2439 3554 con-

253 3605 360 3667 tra
400 3601 688 3683 regulam
732 3598 1174 3679 Zumptianam
1221 3596 1290 3679 (g
1327 3597 1499 3678 340),
1544 3614 1671 3677 qua
1712 3620 1781 3662 ac
1826 3598 1927 3663 vel
1966 3607 2034 3663 ut
2074 3598 2223 3679 poni
2263 3597 2443 3665 iubet

253 3710 363 3775 ubi
403 3708 527 3775 duo
569 3708 676 3777 illa
716 3707 910 3775 verba
951 3724 1074 3771 non
1111 3707 1290 3773 iuxta
1331 3705 1541 3787 posita
1585 3705 1730 3771 sint.

469 3842 854 3908 Particulam
895 3850 950 3905 et
989 3858 1131 3905 eum
1164 3847 1403 3918 pariter
1443 3838 1841 3904 coniunctam
1887 3856 2008 3903 non
2041 3840 2295 3904 memini
2339 3858 2442 3905 me

253 3953 502 4035 legisse.
587 3950 820 4015 Omnes
883 3962 1096 4015 autem
1150 3955 1282 4014 tres
1325 3947 1697 4030 particulas·
1730 3951 1924 4030 atque
1980 3949 2172 4015 etiam
2230 3948 2442 4015 conla-

252 4064 487 4128 tionem
533 4070 678 4127 et-et
715 4058 994 4125 admittit
1034 4076 1158 4123 vox
1197 4061 1428 4124 simul.

397 4212 514 4267 que
551 4195 723 4250 habes
755 4186 856 4265 ep.
899 4196 952 4261 8,
992 4196 1040 4247 6.
1077 4184 1162 4263 ep.
1213 4194 1300 4261 59,
1337 4196 1386 4248 7.
1441 4210 1527 4263 ep.
1568 4194 1654 4258 92,
1710 4194 1762 4249 3.
1820 4210 1911 4262 ep.
1947 4192 2035 4256 95,
2077 4194 2157 4247 10.
2215 4209 2303 4261 ep.
2343 4192 2433 4261 95,

396 4294 480 4347 ’10.
522 4308 608 4363 ep.
659 4294 777 4359 108,
816 4293 899 4345 16.
993 4288 1046 4344 d.
1093 4290 1147 4344 b.
1185 4290 1212 4343 1
1244 4293 1298 4359 3,
1334 4292 1384 4344 3.
1451 4290 1528 4345 di.
1562 4288 1669 4345 XII
1708 4290 1758 4353 ⁷,
1795 4292 1843 4345 6.
1902 4308 1957 4345 n.
1996 4306 2047 4358 q.
2084 4288 2161 4343 VI
2200 4290 2281 4343 15.
2366 4304 2441 4343 ae

400 4404 484 4459 ep.
542 4388 629 4453 57,
675 4390 724 4445 3.
772 4404 858 4458 ep.
917 4389 1004 4458 90,
1062 4388 1148 4443 25.
1194 4387 1270 4442 di.
1327 4386 1376 4442 V
1428 4390 1480 4452 3,
1526 4390 1575 4441 3.
1612 4386 1687 4442 di.
1724 4386 1802 4441 IX
1854 4388 1937 4451 16,
1983 4388 2030 4440 1.
2068 4384 2142 4441 di.
2184 4386 2263 4439 XI
2299 4386 2350 4455 9,
2390 4384 2440 4441 5.

393 4490 595 4555 atque
619 4483 695 4541 di.
734 4483 810 4539 VI
849 4486 932 4549 13,
975 4484 1025 4540 4.
1097 4489 1158 4539 et
1195 4500 1282 4555 ep.
1317 4484 1405 4551 84,
1445 4486 1529 4538 12.
1566 4481 1640 4538 di.
1662 4484 1741 4539 IV
1776 4484 1867 4552 25,
1906 4485 1957 4537 3.
1994 4480 2069 4537 di.
2096 4480 2160 4537 V.
2200 4486 2251 4547 7,
2286 4484 2336 4534 2.
2377 4482 2435 4537 d.
