3009 5000
1518 389 1602 454 46

665 595 991 666 quantoque
1043 585 1104 650 (1.
1146 584 1206 650 1).
1249 585 1282 650 Ι
1329 587 1423 664 15,
1465 587 1527 650 4.
1610 586 1667 649 d.
1708 583 1765 650 b.
1810 587 1875 650 II
1925 587 2022 665 17,
2066 588 2125 651 6.
2187 585 2248 649 d.
2290 585 2367 651 cl.
2411 584 2446 650 Ι
2488 585 2549 664 5,
2590 585 2651 651 2.

485 689 504 712 ⁰
549 694 630 760 di.
683 694 780 760 III
832 696 882 772 1,
929 695 987 760 5.
1054 694 1136 758 (11.
1178 693 1300 760 VII
1349 695 1403 772 1,
1458 695 1511 758 1.

664 843 884 902 quoque
925 839 1023 902 ep.
1072 821 1167 896 17,
1215 821 1274 886 7.
1345 821 1406 886 d.
1451 821 1512 886 b.
1552 822 1617 885 II
1660 822 1760 900 13,
1809 823 1861 886 1.
1924 821 2007 887 di.
2052 820 2140 884 VI
2184 821 2283 900 21,
2335 821 2391 884 7.

663 937 950 1010 mltoque
1012 949 1109 1011 ep.
1159 931 1257 1010 71,
1302 932 1400 995 28.
1479 932 1539 996 d.
1586 931 1643 996 b.
1690 932 1723 996 I
1768 931 1827 1011 7,
1872 933 1929 996 2.
2007 929 2065 995 d.
2110 930 2171 994 b.
2214 930 2279 994 ΙΙ
2322 931 2423 1008 27,
2467 930 2526 993 3.
2589 926 2650 991 (1.

551 1039 608 1104 b.
663 1038 751 1104 IV
800 1039 897 1116 10,
951 1041 1008 1104 3.
1085 1040 1146 1104 d.
1197 1041 1256 1104 b.
1303 1039 1424 1104 VII
1473 1041 1569 1118 19,
1611 1043 1671 1104 2.
1749 1039 1808 1104 d.
1866 1041 1943 1106 cl.
1983 1040 2013 1104 I
2059 1041 2157 1120 12,
2201 1040 2257 1104 5.
2334 1058 2393 1103 n.
2445 1057 2505 1118 q.
2553 1036 2651 1100 III

551 1149 652 1230 28,
697 1149 754 1213 4.
822 1148 904 1213 di.
947 1147 1038 1213 IX
1079 1149 1140 1225 9,
1179 1151 1238 1214 4.

663 1274 932 1346 tantoque
987 1285 1085 1347 ep.
1131 1268 1231 1349 66,
1282 1269 1381 1336 52.
1469 1251 1568 1348 ep'.
1610 1268 1713 1348 81,
1769 1268 1867 1334 18.
1949 1269 2010 1333 d.
2053 1267 2207 1333 01.1
2248 1269 2307 1345 3,
2360 1267 2421 1330 5.
2492 1251 2653 1331 <ui

551 1375 608 1454 2,
657 1375 713 1440 8.
787 1393 844 1440 n.
893 1392 952 1456 q.
998 1376 1084 1440 VI
1129 1377 1224 1456 16,
1274 1379 1332 1442 3.

664 1483 900 1550 Contra
941 1483 1134 1552 semel
1171 1508 1239 1552 ac
1269 1493 1456 1566 paulo
1496 1505 1556 1552 n.
1602 1503 1669 1566 q.·
1708 1487 1805 1552 ΠΙ
1854 1488 1951 1566 15,
1997 1489 2055 1552 2.

661 1613 871 1691 Atque
929 1611 1145 1678 eadem
1210 1612 1366 1678 haec
1431 1614 1782 1694 particulae
1837 1637 1946 1694 que
2012 1611 2093 1678 ad
2149 1611 2645 1692 comparativum

463 1719 731 1804 gradum
790 1720 1112 1788 inclinatio
1171 1722 1504 1788 manifesta
1562 1729 1659 1790 est
1697 1725 1759 1789 in
1806 1721 2057 1788 vocibus
2096 1728 2291 1787 mnus
2327 1724 2403 1798 ,et
2443 1729 2646 1800 mayis.

462 1829 628 1897 Nam
693 1848 835 1896 cum
899 1853 966 1896 ac
1030 1838 1228 1898 mimus
1289 1832 1486 1898 semel
1549 1830 2059 1914 deprehendatur
2129 1849 2185 1896 n.
2244 1849 2305 1914 q.
2350 1829 2381 1893 I
2425 1831 2494 1910 2,
2552 1829 2649 1906 11,

464 1945 768 2020 mimasque
820 1911 976 2022 legis
1019 1958 1116 2022 ep.
1152 1941 1253 2020 31,
1299 1941 1358 2006 4.
1425 1959 1523 2022 ep.
1570 1941 1670 2020 95,
1716 1942 1815 2016 30.
1882 1958 1975 2022 ep.
2026 1940 2161 2019 108,
2212 1940 2309 2004 10.
2374 1938 2433 2004 d.
2476 1937 2537 2002 b.
2582 1934 2646 2000 11

463 2048 530 2128 5,
592 2048 645 2114 1.
728 2047 785 2112 d.
831 2047 887 2115 b.
934 2047 988 2113 V
1036 2049 1142 2128 12,
1196 2049 1254 2111 6.
1341 2072 1411 2114 ac
1468 2056 1658 2128 mayis
1724 2052 1937 2115 autem
1972 2077 1975 2082 ·
1998 2055 2251 2132 praeter
2312 2045 2650 2113 formulam

461 2164 649 2236 magis
703 2179 773 2222 ac
825 2165 1014 2240 magis
1066 2175 1145 2223 ne
1189 2175 1314 2223 uno
1355 2157 1610 2238 quidem
1652 2158 1941 2240 exemplo
1984 2158 2380 2234 inlustratur,
2428 2160 2497 2220 at
2537 2154 2650 2220 tri-

467 2263 584 2330 bus
629 2272 924 2346 maqisque
971 2283 1068 2347 ep.
1122 2265 1218 2343 76,
1267 2265 1324 2330 7.
1389 2285 1488 2347 ep.
1537 2267 1634 2345 78,
1682 2268 1781 2332 25.
1855 2286 1915 2333 n.
1961 2284 2021 2346 q.
2066 2267 2162 2332 III
2206 2267 2309 2332 22.

667 2389 790 2456 Sed
855 2395 928 2456 ut
999 2392 1166 2472 ipsos
1231 2392 1690 2473 comparativos
1751 2391 2181 2472 inspiciamus,
2236 2389 2500 2473 singulis
2544 2387 2657 2454 ad-

466 2501 658 2568 verbii
731 2499 1200 2583 comparativis,
1263 2499 1434 2579 quod
1491 2501 1743 2581 quidem
1802 2506 2014 2567 ortum
2078 2502 2164 2567 sit
2204 2518 2282 2565 ex
2326 2496 2655 2576 adiectivo,

466 2633 576 2691 que
629 2615 697 2675 et
748 2633 820 2675 ac
859 2610 1192 2691 perpaucis
1235 2609 1390 2675 locis
1433 2609 1810 2675 adiciuntur.
1898 2613 1989 2674 Ac
2028 2610 2283 2692 quidem
2325 2608 2423 2673 his
2464 2606 2651 2671 locis:

463 2741 532 2783 ac
575 2724 804 2799 lonyius
841 2733 940 2799 ep.
984 2718 1085 2797 40,
1135 2718 1191 2785 7.
1257 2741 1328 2783 ac
1369 2696 1606 2797 saepius
1648 2738 1707 2783 n.
1753 2736 1813 2799 q.
1857 2715 1946 2782 VI
1981 2719 2076 2797 10,
2122 2720 2181 2781 2.
2246 2741 2317 2783 ac
2348 2722 2649 2782 vehemen-

469 2832 588 2895 tius
626 2844 687 2892 n.
734 2845 794 2909 q.
835 2828 888 2891 V
933 2828 993 2907 9,
1039 2828 1097 2891 2.

661 2959 884 3019 contra
945 2976 1082 3033 que:
1145 2960 1482 3035 lonyiusque
1546 2954 1629 3019 di.
1675 2954 1759 3018 II.
1808 2954 1916 3034 12,
1965 2955 2022 3019 2.
2107 2953 2165 3019 (1.
2212 2953 2271 3018 b.
2314 2951 2402 3017 IV
2446 2954 2545 3031 23,
2590 2953 2653 3017 4.

545 3070 836 3143 altiusque
873 3063 953 3127 di.
999 3063 1090 3127 IX
1141 3063 1197 3143 1,
1245 3063 1342 3127 14.
1399 3070 1759 3143 propiusque
1801 3082 1897 3145 ep.
1934 3065 2032 3143 95,
2078 3064 2179 3127 38.
2244 3070 2525 3143 citiusque
2552 3080 2652 3145 ep.

553 3171 692 3255 104,
741 3171 834 3236 14.
898 3178 1214 3251 meliusque
1261 3170 1318 3236 d.
1360 3172 1437 3237 cl.
1481 3172 1615 3250 1·5,
1664 3174 1723 3236 3.

659 3295 1200 3377 Superlativorum
1263 3302 1480 3362 autem
1533 3298 1823 3376 exempla
1866 3297 2023 3363 haec
2065 3303 2243 3362 sunt:
2304 3304 2653 3378 minoneqae

463 3422 524 3471 n.
547 3421 606 3485 q.
626 3404 748 3471 Vll
781 3406 875 3483 10,
922 3407 980 3469 3.
1049 3412 1412 3485 maximeque
1439 3422 1539 3485 ep.
1562 3406 1663 3488 67,
1695 3406 1754 3469 ὃ.
1822 3428 1892 3471 ac
1917 3412 2165 3471 maxime
2192 3407 2250 3472 d.
2271 3405 2330 3471 b.
2361 3405 2429 3469 II
2458 3407 2559 3485 10,
2587 3407 2652 3472 4.

663 3528 751 3595 At
816 3548 954 3597 cum
1020 3529 1332 3596 adverbiis
1400 3530 1480 3595 ab
1501 3588 1521 3609 ,
1542 3530 1867 3595 adiectivis
1932 3531 2217 3597 formatis
2269 3537 2337 3596 et
2376 3532 2653 3612 positivo

465 3639 670 3723 gradu
731 3636 1029 3707 adhibitis
1091 3662 1160 3705 ac
1221 3644 1527 3721 quattuor
1591 3643 1841 3705 tantum
1904 3640 2057 3706 locis
2116 3638 2479 3721 copulatum
2522 3644 2651 3705 est:

465 3771 534 3815 ao
569 3754 821 3813 molliter
863 3766 957 3831 ep.
1003 3750 1104 3827 52,
1156 3749 1250 3813 11.
1319 3771 1388 3814 ac
1426 3754 1579 3813 male
1624 3766 1715 3830 ep.
1760 3750 1862 3828 92,
1906 3750 1965 3813 9.
2034 3773 2106 3815 ac
2146 3756 2313 3830 lonqe
2355 3752 2415 3814 d.
2456 3749 2517 3814 b.
2556 3748 2649 3815 Iv

465 3858 568 3937 32,
609 3858 664 3921 1.
715 3880 786 3922 ac
825 3865 1052 3955 tantuna
1091 3874 1188 3936 ep.
1232 3857 1334 3934 46,
1383 3856 1438 3921 1.
1535 3854 1667 3921 Nec
1708 3874 1855 3921 vero
1900 3858 1964 3921 in
2007 3857 2213 3922 animo
2254 3863 2353 3923 est
2390 3874 2649 3922 enume-

463 3984 608 4032 rare
660 3964 950 4047 exempla
1006 3964 1264 4047 paululo
1316 3964 1567 4044 quidem
1628 3965 2057 4045 frequentiora
2111 3965 2214 4031 ubi
2272 3990 2383 4046 quc
2425 3968 2649 4048 depre-

465 4074 706 4141 hendiS.
793 4075 1062 4155 Dignius
1123 4078 1376 4141 tantum
1444 4075 1615 4154 quod
1679 4078 2061 4140 memoretur
2122 4080 2223 4140 est
2279 4076 2647 4140 adverbium

465 4187 632 4263 lonae
680 4181 814 4249 fere
867 4200 942 4249 ex
995 4183 1136 4265 lege
1177 4202 1322 4249 cum
1363 4207 1474 4264 que
1518 4184 1964 4269 compositumg
2020 4202 2119 4265 ep.
2160 4184 2265 4265 94,
2308 4186 2407 4249 73.
2481 4186 2541 4250 d.
2584 4186 2647 4250 b.

467 4288 718 4373 v2,1.
789 4291 1292 4371 d.cl.120,2.
1362 4292 1813 4373 n.q.15,2.
1882 4293 2303 4374 n.q.1132,
2356 4296 2413 4359 1.
2478 4312 2643 4375 n.q.

465 4398 530 4465 ΙΙ
573 4401 674 4477 59,
717 4402 774 4467 5.
841 4420 904 4466 n.
947 4420 1008 4483 q.
1053 4402 1142 4467 VI
1191 4404 1254 4482 3,
1295 4404 1356 4467 3.
1423 4401 1555 4466 lud.
1596 4403 1659 4480 9,
1702 4404 1761 4465 5.
