3009 5000
557 591 718 666 quos)
751 609 875 662 spes
907 609 1058 652 vana
1093 593 1292 650 delusit
1333 611 1422 665 ep.
1461 596 1551 666 74,
1584 597 1638 652 9.
1707 611 1911 654 necesse
1946 601 2026 656 est
2060 613 2194 654 aera
2228 595 2447 654 onerari
2486 611 2607 654 one-
2656 655 2669 668 ,

562 693 794 759 ratumq.
834 689 1133 746 incumbere
1165 709 1218 746 n.
1256 709 1307 760 q.
1343 689 1393 746 V
1435 693 1518 762 14,
1562 694 1614 748 3.

614 783 952 850 Nominum
999 787 1214 852 autem
1244 788 1539 870 exempla
1566 805 1711 854 cum
1751 805 1876 852 non
1920 788 2439 855 omnia‘eiusdem
2479 786 2608 854 sint

417 893 814 976 condicioniS,
857 895 1061 962 satius
1104 895 1357 974 videtur
1399 915 1524 962 non
1564 915 1687 962 uno
1713 897 1849 963 loco
1891 897 2057 982 poni,
2104 897 2216 963 sed
2258 897 2323 961 in
2355 895 2607 962 diversa

413 1020 649 1084 genera
691 1002 910 1085 digeri.
997 1002 1406 1071 Proferantur
1463 1024 1615 1090 ergo
1670 1005 1963 1090 primum,
2008 1007 2115 1074 ubi
2153 1024 2427 1089 persona
2467 1023 2604 1086 per-

412 1129 606 1177 sonae
649 1113 930 1181 accedit:

558 1220 721 1276 duces
759 1222 1009 1292 ducmnq.
1039 1223 1358 1293 progeniem
1394 1224 1470 1278 di.
1507 1223 1587 1278 XI
1630 1225 1712 1294 11,
1764 1225 1815 1278 4.
1922 1223 2201 1295 Scipiones
2244 1222 2605 1294 Scipionumq.

555 1322 755 1374 matres
789 1317 864 1372 di.
902 1317 978 1374 VI
1018 1319 1100 1386 16,
1139 1321 1188 1374 5.
1261 1325 1482 1375 senatus
1513 1320 1807 1390 populusq.
1854 1325 2049 1375 senatu
2093 1319 2288 1374 similis
2328 1320 2401 1375 di.
2441 1318 2521 1373 IX
2554 1320 2605 1386 5,

557 1415 608 1468 6.
678 1415 892 1485 reyibus
927 1429 1124 1486 reyesq.
1159 1416 1545 1472 simulantibus
1580 1417 1637 1471 d.
1678 1416 1733 1471 b.
1770 1413 1847 1474 VI
1885 1417 1971 1486 34,
2010 1419 2057 1470 1.
2168 1415 2296 1472 deos
2331 1415 2603 1484 deorumq.

559 1512 810 1566 aemulos.
848 1528 934 1582 ep.
972 1513 1058 1581 59,
1100 1515 1180 1566 18.

605 1605 740 1673 Nec
781 1612 878 1673 est
920 1607 1088 1690 quod
1131 1607 1489 1674 dubitemus
1545 1607 1695 1674 huic
1737 1607 1951 1690 generi
1994 1607 2291 1683 inserere,
2348 1606 2601 1672 etiamsi

413 1733 539 1780 non
582 1715 863 1782 eiusdem
907 1716 1174 1782 nominis
1215 1714 1290 1781 fit
1331 1717 1641 1800 repetitio,
1684 1717 1804 1782 hos
1842 1716 2039 1783 locos:

554 1825 938 1896 occupationes
990 1825 1225 1881 divitiam
1281 1827 1769 1896 concursationesq.
1824 1825 1901 1881 ad
1953 1824 2184 1881 divitias
2232 1823 2475 1880 euntium
2490 1839 2601 1894 ὀρ.

558 1922 642 1990 17,
694 1922 746 1976 9.
858 1918 1064 1975 deinde
1105 1921 1331 1990 sapiens
1381 1922 1829 1991 adfectatorq.
1874 1921 2183 1991 sapientiae
2232 1919 2308 1976 di.
2348 1918 2401 1974 11
2445 1921 2528 1990 19,
2565 1923 2599 1976 3

556 2021 615 2072 et
649 2016 872 2086 sapiens
909 2015 1356 2088 adsectatorq.
1393 2019 1703 2088 sapientiae
1737 2035 1823 2088 ep.
1860 2019 1946 2087 65,
1984 2017 2069 2073 18.

613 2113 904 2193 Utroque
946 2115 1062 2180 hoc
1124 2113 1276 2194 loco,
1336 2100 1428 2180 ut‘
1451 2115 1646 2180 verba
1696 2114 1943 2196 docent,
1997 2111 2317 2196 perfectus
2356 2111 2461 2179 ille
2506 2111 2603 2177 vir

414 2222 523 2305 qui
563 2222 644 2288 ad
687 2241 902 2289 arcem
931 2223 1282 2304 sapientiae
1319 2225 1444 2289 iam
1475 2223 1783 2305 pervenit,
1830 2223 2169 2305 opponitur
2214 2223 2274 2288 ei
2303 2223 2413 2304 qui
2453 2238 2603 2289 con-

415 2331 555 2397 silio
598 2332 854 2412 quidem
899 2334 965 2396 et
1006 2333 1330 2398 voluntate
1361 2350 1479 2415 par
1521 2332 1734 2413 priori,
1774 2330 2049 2397 nondum
2080 2336 2293 2398 tamen
2336 2332 2399 2395 in
2430 2347 2599 2398 sum-

417 2458 589 2508 mum
631 2438 900 2525 gradum
930 2438 1276 2521 adscend1t‚
1321 2443 1516 2522 atque
1536 2440 1703 2507 hunc
1743 2440 2017 2507 alterum
2049 2439 2156 2521 qui
2183 2439 2600 2523 adfectatorem

415 2558 741 2631 sapientiae
791 2551 1126 2629 vocaverit,
1181 2556 1332 2633 apto
1395 2550 1647 2617 nomine
1697 2554 1961 2631 utetur„
2012 2548 2192 2617 Idem
2248 2554 2462 2617 autem
2524 2548 2601 2616 de

411 2678 561 2727 voce
606 2666 932 2727 adsectator
974 2676 1098 2725 non
1137 2658 1360 2739 iudico,
1407 2660 1598 2725 immo
1641 2658 1859 2727 dubito
1900 2660 2019 2727 hoc
2046 2660 2299 2740 quidem
2340 2662 2479 2729 loco
2521 2661 2601 2728 de

411 2769 682 2835 veritate
725 2769 876 2848 ciue,
917 2769 1064 2835 licet
1108 2774 1174 2835 et
1215 2767 1313 2833 hic
1353 2769 1638 2833 codicum
1675 2767 2054 2834 auctoritate
2099 2766 2493 2853 defendatur,
2534 2774 2603 2835 et

410 2878 510 2945 bis
549 2884 879 2947 adsectator
909 2885 1244 2959 sapientiae
1276 2876 1527 2958 legatur
1548 2876 1717 2957 apud
1739 2876 2031 2956 Plinium,
2058 2884 2262 2957 patris
2299 2884 2603 2945 cuiusdam

413 2994 641 3053 Philini
679 2994 1058 3055 adsectatoris
1095 2994 1416 3067 sapientiae
1435 2986 1593 3053 VIII
1627 2985 1725 3068 17,
1780 2987 1859 3051 21
1889 2989 1955 3051 et
1994 2991 2230 3052 Sextius
2262 3010 2294 3052 e
2316 2993 2603 3054 Romanis

413 3104 735 3179 sapientiae
795 3102 1252 3162 adsectatoribus
1317 3095 1531 3161 XVIII
1592 3096 1695 3173 28,
1762 3096 1862 3161 68.
1934 3094 2091 3167 „Sed
2156 3100 2425 3179 utroque
2466 3096 2601 3163 loco

414 3223 542 3273 non
581 3205 661 3271 de
705 3223 778 3271 eo
836 3204 1117 3285 loquitur
1173 3209 1395 3271 auctor
1449 3204 1559 3287 qui
1604 3204 1894 3271 omnibus
1946 3204 2183 3271 viribus
2235 3205 2317 3271 ad
2358 3206 2599 3287 sapien·

413 3316 570 3381 tiam
613 3313 840 3397 tendit,
886 3312 998 3379 sed
1038 3314 1118 3379 de
1160 3331 1233 3381 eo
1273 3313 1382 3396 qui
1441 3313 1507 3377 in
1551 3313 1983 3397 philosophiae
2034 3312 2247 3379 studio
2291 3318 2597 3395 versatur,

411 3423 504 3489 ita
545 3426 619 3487 ut
661 3423 832 3504 apud
879 3420 1153 3487 Plinium
1194 3422 1521 3504 propriam
1579 3423 1703 3487 vim
1747 3440 1929 3489 suam
1988 3422 2271 3489 obtineat
2316 3441 2441 3491 vox
2490 3430 2597 3491 ad-

409 3540 678 3611 sectator,
739 3532 899 3597 solet
959 3532 1124 3597 enim
1179 3549 1256 3597 ea
1297 3529 1637 3613 significari
1702 3531 1809 3611 qui
1872 3532 2166 3599 comitem
2230 3550 2301 3599 se
2340 3530 2601 3614 praebet

413 3640 619 3720 alicui,
661 3657 860 3729 quare
904 3643 1247 3723 utrumque
1287 3640 1550 3705 verbum
1590 3644 1741 3721 apte
1780 3640 2181 3707 coniunctum
2225 3641 2383 3723 legis
2422 3642 2597 3722 apud

413 3751 620 3833 ipsum
663 3747 968 3815 Senecam
1009 3755 1358 3819 ,adsectator
1402 3770 1694 3829 comesque
1743 3748 1825 3814 di.
1869 3748 1957 3813 IX
2004 3750 2058 3828 l,
2104 3749 2143 3814 8
2186 3748 2598 3831 similiterque

416 3861 586 3945 apud
630 3858 752 3925 Cic.
795 3875 912 3943 pro
953 3856 1152 3923 Balbo
1196 3857 1298 3939 27,
1350 3858 1434 3923 62
1495 3880 1623 3923 cim
1688 3866 1961 3925 comitatu
2016 3864 2597 3940 adsectatoribusque.

413 3973 624 4053 Atque
666 3975 902 4035 natura
968 3968 1143 4035 verbi
1207 3950 1282 4032 eo
1343 3966 1494 4046 fert,
1541 3971 1614 4033 ut
1654 3969 2071 4049 componatur
2108 3988 2251 4035 cum
2296 3968 2594 4050 personis,

413 4097 558 4146 cum
598 4079 788 4147 rebus
841 4078 1255 4160 compositum
1298 4081 1554 4159 praeter
1606 4077 1722 4142 hos
1770 4075 1956 4143 Plinii
1998 4083 2065 4143 et
2103 4076 2282 4146 illum
2324 4077 2595 4147 Senecae

413 4190 619 4257 locum
664 4206 790 4255 non
833 4187 1067 4268 inveni3
1125 4204 1273 4252 nam
1327 4185 1498 4267 apud
1550 4185 1815 4251 eundem
1869 4184 2139 4252 Plinium
2193 4184 2405 4251 XXIX
2452 4187 2509 4266 1,
2552 4185 2591 4249 5

411 4297 577 4365 inter
617 4298 813 4363 verba
851 4280 1207 4377 eloquentiae
1255 4301 1589 4363 adsectator
1652 4298 1821 4362 recte
1874 4294 2294 4361 distinctionis
2340 4296 2389 4361 si
2396 4311 2590 4377 gnum
2651 4308 2663 4323 ·

409 4408 622 4491 posuit
679 4406 799 4473 Ad.
864 4406 1296 4491 Kiesslingius.
1375 4405 1638 4475 Meliore
1699 4421 1849 4487 ergo
1908 4404 2045 4471 iure
2103 4403 2159 4471 si
2226 4403 2353 4471 vim
2417 4403 2592 4471 verbi
