3009 5000
1398 395 1480 458 43

493 593 638 648 clare
675 609 741 648 ac
774 593 963 662 palam
999 593 1074 647 di.
1111 591 1210 648 VH
1253 595 1333 662 10,
1374 595 1422 648 1.
1520 592 1681 648 dubie
1716 610 1779 649 ac
1816 609 2021 662 parum
2066 592 2120 648 d.
2155 593 2209 646 b.
2248 591 2323 646 IV
2363 591 2445 652 16,
2482 593 2534 644 3.

489 687 682 757 ubique
718 704 784 742 ac
814 687 1004 743 statim
1041 686 1095 742 (1.
1133 688 1184 741 b.
1224 685 1324 740 VII
1360 690 1412 755 2,
1451 690 1497 742 1.
1570 687 1675 742 cito
1712 703 1777 742 ac
1812 692 2025 756 repente
2060 704 2115 740 n.
2152 703 2203 754 q.
2245 686 2321 740 ΠΙ
2360 689 2446 755 27,
2485 690 2533 742 2.

544 801 742 866 Paulo
794 803 921 866 iam
983 801 1253 883 amplior
1305 807 1404 866 est
1469 819 1771 866 numerus
1824 818 2045 866 eorum
2102 766 2565 882 exemplorum'

343 927 510 990 quae
553 909 677 975 duo
722 910 1020 976 adverbia
1063 910 1142 974 ab
1187 909 1511 978 adiectivis
1542 911 1829 976 derivata
1872 910 2202 990 exhibent3
2248 927 2413 990 quae
2454 910 2535 976 si-

344 1019 488 1100 quis
530 1019 836 1099 inspicere
883 1019 1070 1102 volet,
1114 1019 1212 1084 his
1236 1019 1516 1084 inveniet
1559 1019 1740 1086 locis:
1787 1039 1881 1101 ep.
1910 1021 2010 1100 98,
2037 1023 2097 1084 3.
2142 1021 2405 1101 ep.119,
2436 1020 2536 1085 15.

343 1146 443 1210 ep.
492 1130 629 1204 120,
678 1129 776 1192 10.
820 1127 879 1191 (1.
927 1127 984 1192 1).
1029 1128 1092 1192 II
1141 1129 1236 1206 14,
1306 1131 1364 1194 2.
1396 1128 1454 1195 (1.
1501 1129 1564 1194 b.
1621 1129 1690 1193 Π
1746 1131 1847 1207 32,
1894 1131 1949 1194 1.
2003 1129 2062 1194 (1.
2119 1129 2177 1194 b.
2229 1128 2286 1194 V
2332 1130 2432 1208 21,
2476 1131 2535 1194 3.

337 1237 401 1301 (1.
447 1236 505 1301 b.
551 1235 676 1301 VII
723 1237 776 1316 1,
825 1237 881 1302 4.
928 1237 987 1302 (1.
1033 1237 1107 1302 cl.
1155 1238 1186 1302 I
1241 1240 1337 1317 13,
1392 1239 1452 1304 4.
1499 1237 1559 1304 (1.
1603 1239 1676 1306 cl.
1735 1238 1768 1302 Ι
1812 1239 1912 1317 26,
1972 1239 2031 1303 5.
2089 1258 2151 1304 11.
2195 1255 2255 1318 q.
2298 1237 2389 1303 IV
2436 1239 2533 1316 13,

342 1347 404 1410 4.
449 1363 510 1410 n.
556 1363 614 1426 q.
661 1346 750 1409 VI
796 1347 852 1425 7,
896 1349 954 1411 3.

553 1455 788 1522 Verum
832 1465 1004 1536 atque
1073 1457 1136 1522 in
1177 1457 1535 1523 huiusmodi
1598 1457 1899 1542 exemplis
1958 1454 2091 1522 fere
2147 1456 2355 1521 locum
2410 1473 2537 1520 non

339 1563 534 1630 habet
577 1582 692 1630 nec
733 1569 989 1646 praeter
1029 1584 1126 1648 ep.
1176 1567 1314 1644 120,
1363 1568 1439 1631 18
1482 1574 1715 1634 honeste
1762 1577 1933 1647 atque
1972 1572 2265 1634 industrie
2303 1568 2535 1630 exstat.

554 1674 696 1740 Alia
739 1679 952 1740 autem
1000 1694 1102 1742 res
1145 1682 1247 1742 est
1287 1676 1352 1740 in
1396 1676 1671 1742 eiusdem
1716 1677 1895 1744 verbi
1941 1675 2331 1758 repetitione.
2402 1675 2537 1756 'Que

335 1781 577 1864 legitur
616 1782 714 1849 bis
754 1785 816 1848 in
859 1783 1128 1850 formula
1170 1793 1290 1852 iam
1331 1793 1559 1867 iamque
1600 1787 1659 1870 d.
1686 1786 1744 1852 b.
1776 1787 1867 1852 VI
1888 1787 1948 1864 3,
1987 1787 2026 1850 2
2054 1790 2119 1851 et
2142 1785 2223 1851 di.
2265 1785 2389 1851 VII
2432 1785 2533 1862 26,
2576 1783 2583 1788 “

338 1895 410 1973 3;
454 1899 629 1958 aliter
649 1899 878 1974 aliterq.
925 1913 984 1958 n.
1027 1912 1087 1975 q.
1132 1894 1199 1960 Π
1243 1896 1348 1976 32,
1393 1895 1449 1959 7.
1494 1914 1555 1959 11.
1601 1914 1659 1976 q.
1703 1895 1795 1960 IV
1823 1914 1917 1977 pr.
1953 1897 2053 1972 22,
2077 1901 2269 1974 mayc‘s
2290 1900 2533 1975 magisq.

345 2019 408 2064 n.
454 2018 515 2080 q.
560 2001 663 2067 III
706 2003 806 2082 27,
853 2003 919 2083 73
980 2004 1043 2068 in
1103 2021 1230 2084 qna
1283 2005 1452 2069 vocis
1499 2012 1689 2085 maqis
1746 2003 2169 2086 geminatione
2228 2003 2535 2068 usitatum

344 2128 486 2177 esse
527 2134 656 2191 que,
705 2130 918 2177 rarum
949 2136 1019 2178 ac
1042 2113 1401 2194 Draegerus
1423 2113 1731 2195 praecipit
1772 2132 1832 2194 p.
1863 2113 1965 2178 36.
2034 2111 2299 2194 Saepius
2321 2116 2537 2177 tamen

341 2220 513 2299 apud
558 2219 859 2287 Senecam
906 2221 1160 2301 quidem
1205 2221 1360 2302 legis
1404 2228 1593 2302 mayis
1636 2244 1707 2286 ac
1743 2229 1931 2302 mayis
1974 2239 2073 2301 ep.
2121 2221 2261 2299 114,
2305 2221 2403 2286 25.
2448 2219 2536 2286 (11.

345 2328 508 2409 V1,
551 2331 610 2394 4.
655 2327 713 2393 (1.
759 2329 818 2392 b.
864 2329 1072 2406 1114,
1118 2332 1176 2396 4.
1223 2349 1284 2396 n.
1329 2347 1391 2410 q.
1433 2331 1678 2410 11125,
1728 2331 1825 2394 12.
1912 2321 2539 2409 Praetereamopius

346 2459 416 2503 ac
456 2444 706 2517 propius
747 2438 829 2504 di.
870 2438 925 2502 V
969 2440 1068 2517 42,
1115 2440 1173 2505 4.

542 2547 637 2612 Ad
708 2552 1095 2628 postremum
1157 2558 1328 2629 atque
1378 2548 1614 2631 legitur
1673 2550 1737 2613 in
1788 2547 2073 2614 formulis
2130 2554 2305 2613 aliter
2367 2557 2539 2627 atque

339 2662 664 2738 aliterep.
730 2658 932 2733 27,9.
996 2676 1090 2739 ep
1149 2659 1352 2738 895.
1411 2657 1764 2737 (11,,1118
1825 2660 1885 2723 3.
1942 2677 2001 2723 11.
2062 2675 2122 2737 p.
2177 2656 2269 2722 VI
2334 2657 2535 2736 161.

340 2772 527 2830 aliubi
568 2774 742 2845 atque
781 2773 970 2833 aliubi
1019 2786 1119 2847 ep.
1163 2769 1266 2844 35,
1308 2769 1367 2832 4.
1425 2768 1485 2832 d.
1532 2768 1589 2832 b.
1637 2768 1737 2832 III
1781 2769 1839 2844 6,
1898 2769 1955 2831 2.
2022 2772 2141 2832 alio
2190 2776 2361 2847 atque
2416 2771 2537 2831 alio

346 2873 429 2940 di.
475 2873 532 2937 X
579 2874 676 2953 11,
723 2877 778 2939 2.
847 2883 1021 2941 etiam
1064 2885 1234 2955 atque
1276 2884 1452 2942 etiam
1495 2876 1557 2941 d.
1599 2876 1659 2942 b.
1703 2877 1806 2941 HI
1850 2877 1950 2952 14,
1992 2878 2050 2941 2.

539 2980 857 3048 Claudant
918 3001 1144 3065 agmen
1210 2983 1508 3051 adverbia
1574 2984 1926 3049 contrarias
1992 2962 2279 3065 regiones
2330 2982 2535 3063 desig-

338 3089 578 3169 nantia,
648 3091 862 3171 qualia
921 3098 1070 3159 sunt
1132 3099 1268 3159 hinc
1329 3102 1504 3173 atque
1546 3090 1735 3175 illinc,
1788 3100 1946 3157 ultro
1986 3101 2243 3172 citroque
2286 3091 2532 3169 Similia,

339 3214 502 3277 quae
545 3200 729 3265 modo
760 3200 1135 3281 interposita
1165 3200 1480 3282 particula
1505 3200 1691 3266 modo
1720 3202 1975 3279 omissa,
2020 3201 2203 3265 modo
2230 3218 2345 3281 per
2373 3199 2533 3264 hanc

340 3308 526 3373 modo
589 3326 704 3390 per
770 3308 944 3373 illam
989 3309 1370 3389 particulam
1415 3310 1712 3391 copulata
1754 3310 2075 3391 leguntur.
2162 3308 2535 3375 Accuratius

337 3419 554 3481 tamen
617 3417 668 3479 si
733 3419 872 3496 quis
916 3418 978 3481 in
1019 3435 1153 3483 rem
1196 3418 1500 3497 inquirit,
1571 3419 1877 3485 rariorem
1915 3418 2113 3483 discet
2158 3436 2295 3483 esse
2336 3418 2531 3483 disso-

340 3524 648 3599 lutionem
714 3542 907 3604 quam
949 3525 1430 3605 copulationem.
1539 3525 1776 3590 Deinde
1832 3524 1912 3589 ad
1956 3523 2381 3605 componenda
2424 3522 2533 3587 ad-

342 3633 558 3699 verbia
625 3652 666 3696 a
706 3633 1182 3715 pronominibus
1245 3633 1765 3701 demonstrativis
1828 3639 1923 3697 hic
1979 3636 2045 3697 et
2084 3639 2185 3697 ille
2225 3631 2532 3711 derivata,

337 3751 510 3821 atque
549 3746 618 3807 et
663 3751 718 3806 et
762 3740 997 3806 videbit
1037 3739 1356 3819 adhibita,
1426 3756 1500 3805 eo
1545 3746 1757 3807 tamen
1798 3741 2187 3820 discrimine,
2248 3745 2323 3806 ut
2364 3750 2537 3819 atque

335 3855 562 3933 regnet
626 3850 691 3913 in
751 3848 1022 3916 formula
1085 3856 1218 3915 hinc
1281 3859 1456 3929 atque
1501 3854 1701 3926 illinc,
1766 3850 1922 3915 etin
1973 3847 2283 3915 adverbiis
2324 3855 2435 3915 huo
2478 3858 2533 3915 et

333 3964 508 4035 illum
571 3962 792 4023 contra
856 3980 967 4039 que
1029 3956 1342 4038 particula
1397 3956 1655 4039 propria
1714 3963 1814 4024 est
1864 3958 2332 4039 compositionis
2371 3965 2531 4025 ultro

332 4075 620 4147 citroque,
693 4091 766 4132 ac
808 4066 1074 4147 denique
1117 4066 1303 4131 huius
1345 4089 1581 4131 sursum
1621 4090 1692 4132 ac
1729 4074 2018 4147 deorsum,
2064 4067 2232 4147 quod
2274 4071 2533 4149 propter

336 4183 380 4241 d
421 4176 704 4243 litteram
743 4175 982 4241 factum
1031 4174 1390 4255 suspiceris.

538 4294 748 4373 Atque
810 4292 906 4359 his
964 4293 1042 4359 de
1086 4296 1225 4357 tota
1264 4293 1510 4359 ratione
1550 4292 1737 4359 dictis
1779 4293 2059 4375 singulos
2099 4311 2525 4375 proponamus

331 4361 524 4482 locos,
568 4400 936 4484 incipientes
992 4420 1031 4466 a
1078 4401 1284 4469 verbis
1327 4408 1464 4468 hinc
1519 4411 1693 4483 atque
1753 4409 1949 4480 illvm,
2014 4420 2182 4485 quae
2232 4404 2352 4479 hoc
2391 4403 2527 4486 ipso
