<?xml version="1.0" encoding="UTF-8"?>
<!DOCTYPE html PUBLIC "-//W3C//DTD XHTML 1.0 Transitional//EN"
    "http://www.w3.org/TR/xhtml1/DTD/xhtml1-transitional.dtd">
<html xmlns="http://www.w3.org/1999/xhtml" xml:lang="en" lang="en">
 <head>
  <title>
</title>
<meta http-equiv="Content-Type" content="text/html;charset=utf-8" />
  <meta name='ocr-system' content='tesseract 3.04.00' />
  <meta name='ocr-capabilities' content='ocr_page ocr_carea ocr_par ocr_line ocrx_word'/>
</head>
<body>
  <div class='ocr_page' id='page_1' title='image "./animadversiones01klamgoog_0034.png"; bbox 0 0 3009 5000; ppageno 0'>
   <div class='ocr_carea' id='block_1_1' title="bbox 1550 383 1633 448">
    <p class='ocr_par' dir='ltr' id='par_1_1' title="bbox 1550 383 1633 448">
     <span class='ocr_line' id='line_1_1' title="bbox 1550 383 1633 448; baseline 0 0"><span class='ocrx_word' id='word_1_1' title='bbox 1550 383 1633 448; x_wconf 86' lang='lat'><strong>26</strong></span> 
     </span>
    </p>
   </div>
   <div class='ocr_carea' id='block_1_2' title="bbox 454 577 2688 3933">
    <p class='ocr_par' dir='ltr' id='par_1_2' title="bbox 454 577 2686 2190">
     <span class='ocr_line' id='line_1_2' title="bbox 495 577 2676 665; baseline 0.002 -22"><span class='ocrx_word' id='word_1_2' title='bbox 495 577 716 645; x_wconf 86' lang='lat' dir='ltr'><strong>eodem</strong></span> <span class='ocrx_word' id='word_1_3' title='bbox 764 579 1218 662; x_wconf 79' lang='lat' dir='ltr'><strong>cogitationum</strong></span> <span class='ocrx_word' id='word_1_4' title='bbox 1261 579 1430 648; x_wconf 91' lang='lat' dir='ltr'><strong>orbe.</strong></span> <span class='ocrx_word' id='word_1_5' title='bbox 1518 583 1615 648; x_wconf 90' lang='lat' dir='ltr'><strong>Ab</strong></span> <span class='ocrx_word' id='word_1_6' title='bbox 1657 581 1777 647; x_wconf 87' lang='lat' dir='ltr'><strong>hac</strong></span> <span class='ocrx_word' id='word_1_7' title='bbox 1818 585 2034 647; x_wconf 89' lang='lat' dir='ltr'><strong>autem</strong></span> <span class='ocrx_word' id='word_1_8' title='bbox 2080 583 2524 665; x_wconf 82' lang='lat' dir='ltr'><strong>complexionis</strong></span> <span class='ocrx_word' id='word_1_9' title='bbox 2577 601 2676 647; x_wconf 88' lang='lat' dir='ltr'><strong>ra·</strong></span> 
     </span>
     <span class='ocr_line' id='line_1_3' title="bbox 491 687 2675 774; baseline 0.002 -22"><span class='ocrx_word' id='word_1_10' title='bbox 491 687 666 754; x_wconf 89' lang='lat' dir='ltr'><strong>tione</strong></span> <span class='ocrx_word' id='word_1_11' title='bbox 703 687 942 754; x_wconf 86' lang='lat' dir='ltr'><strong>distare</strong></span> <span class='ocrx_word' id='word_1_12' title='bbox 977 689 1271 755; x_wconf 84' lang='lat' dir='ltr'><strong>videntur</strong></span> <span class='ocrx_word' id='word_1_13' title='bbox 1326 708 1400 756; x_wconf 89' lang='lat' dir='ltr'><strong>ea</strong></span> <span class='ocrx_word' id='word_1_14' title='bbox 1445 690 1737 772; x_wconf 83' lang='lat' dir='ltr'><strong>exempla</strong></span> <span class='ocrx_word' id='word_1_15' title='bbox 1790 691 1895 756; x_wconf 87' lang='lat' dir='ltr'><strong>ubi</strong></span> <span class='ocrx_word' id='word_1_16' title='bbox 1954 707 2147 757; x_wconf 87' lang='lat' dir='ltr'><strong>causa</strong></span> <span class='ocrx_word' id='word_1_17' title='bbox 2198 691 2449 758; x_wconf 87' lang='lat' dir='ltr'><strong>artioris</strong></span> <span class='ocrx_word' id='word_1_18' title='bbox 2492 707 2675 774; x_wconf 87' lang='lat' dir='ltr'><strong>copu-</strong></span> 
     </span>
     <span class='ocr_line' id='line_1_4' title="bbox 492 787 2677 881; baseline 0.002 -21"><span class='ocrx_word' id='word_1_19' title='bbox 492 795 748 862; x_wconf 82' lang='lat' dir='ltr'><strong>lationis</strong></span> <span class='ocrx_word' id='word_1_20' title='bbox 809 797 1018 864; x_wconf 90' lang='lat' dir='ltr'><strong>minus</strong></span> <span class='ocrx_word' id='word_1_21' title='bbox 1081 800 1144 864; x_wconf 89' lang='lat' dir='ltr'><strong>in</strong></span> <span class='ocrx_word' id='word_1_22' title='bbox 1211 787 1460 866; x_wconf 81' lang='lat' dir='ltr'><strong>summo</strong></span> <span class='ocrx_word' id='word_1_23' title='bbox 1526 800 1805 881; x_wconf 80' lang='lat' dir='ltr'><strong>haereat,</strong></span> <span class='ocrx_word' id='word_1_24' title='bbox 1886 799 1995 865; x_wconf 86' lang='lat' dir='ltr'><strong>sed</strong></span> <span class='ocrx_word' id='word_1_25' title='bbox 2062 799 2253 865; x_wconf 85' lang='lat' dir='ltr'><strong>altius</strong></span> <span class='ocrx_word' id='word_1_26' title='bbox 2319 798 2677 868; x_wconf 84' lang='lat' dir='ltr'><strong>descendat.</strong></span> 
     </span>
     <span class='ocr_line' id='line_1_5' title="bbox 493 891 2679 990; baseline 0.002 -19"><span class='ocrx_word' id='word_1_27' title='bbox 493 903 714 974; x_wconf 87' lang='lat' dir='ltr'><strong>Talem</strong></span> <span class='ocrx_word' id='word_1_28' title='bbox 741 907 911 976; x_wconf 91' lang='lat' dir='ltr'><strong>enim</strong></span> <span class='ocrx_word' id='word_1_29' title='bbox 938 911 1126 988; x_wconf 84' lang='lat' dir='ltr'><strong>putes</strong></span> <span class='ocrx_word' id='word_1_30' title='bbox 1155 925 1298 975; x_wconf 89' lang='lat' dir='ltr'><strong>esse</strong></span> <span class='ocrx_word' id='word_1_31' title='bbox 1324 903 1849 975; x_wconf 76' lang='lat' dir='ltr'><strong>necessitudinem</strong></span> <span class='ocrx_word' id='word_1_32' title='bbox 1876 909 2213 976; x_wconf 85' lang='lat' dir='ltr'><strong>verborum</strong></span> <span class='ocrx_word' id='word_1_33' title='bbox 2241 909 2425 990; x_wconf 85' lang='lat' dir='ltr'><strong>quasi</strong></span> <span class='ocrx_word' id='word_1_34' title='bbox 2450 891 2679 976; x_wconf 82' lang='lat' dir='ltr'><strong>causae</strong></span> 
     </span>
     <span class='ocr_line' id='line_1_6' title="bbox 489 1013 2681 1099; baseline 0.002 -19"><span class='ocrx_word' id='word_1_35' title='bbox 489 1020 556 1080; x_wconf 86' lang='lat' dir='ltr'><strong>ct</strong></span> <span class='ocrx_word' id='word_1_36' title='bbox 597 1013 876 1082; x_wconf 86' lang='lat' dir='ltr'><strong>effectus.</strong></span> <span class='ocrx_word' id='word_1_37' title='bbox 919 1014 1020 1083; x_wconf 84' lang='lat' dir='ltr'><strong>Sic</strong></span> <span class='ocrx_word' id='word_1_38' title='bbox 1067 1017 1119 1084; x_wconf 88' lang='lat' dir='ltr'><strong>si</strong></span> <span class='ocrx_word' id='word_1_39' title='bbox 1164 1017 1302 1099; x_wconf 87' lang='lat' dir='ltr'><strong>quis</strong></span> <span class='ocrx_word' id='word_1_40' title='bbox 1346 1017 1428 1084; x_wconf 90' lang='lat' dir='ltr'><strong>di.</strong></span> <span class='ocrx_word' id='word_1_41' title='bbox 1472 1019 1502 1082; x_wconf 94' lang='lat' dir='ltr'>I</span> <span class='ocrx_word' id='word_1_42' title='bbox 1550 1019 1605 1098; x_wconf 91' lang='lat'><strong>1,</strong></span> <span class='ocrx_word' id='word_1_43' title='bbox 1650 1021 1689 1084; x_wconf 90' lang='grc'><strong>6</strong></span> <span class='ocrx_word' id='word_1_44' title='bbox 1734 1025 1910 1084; x_wconf 81' lang='lat' dir='ltr'><strong>bonos</strong></span> <span class='ocrx_word' id='word_1_45' title='bbox 1956 1025 2117 1084; x_wconf 78' lang='lat' dir='ltr'><strong>viros</strong></span> <span class='ocrx_word' id='word_1_46' title='bbox 2165 1028 2537 1098; x_wconf 76' lang='lat' dir='ltr'><strong>acceptosque</strong></span> <span class='ocrx_word' id='word_1_47' title='bbox 2583 1025 2681 1085; x_wconf 74' lang='lat' dir='ltr'><strong>dis</strong></span> 
     </span>
     <span class='ocr_line' id='line_1_7' title="bbox 489 1123 2680 1210; baseline 0.002 -22"><span class='ocrx_word' id='word_1_48' title='bbox 489 1123 630 1191; x_wconf 87' lang='lat' dir='ltr'><strong>ideo</strong></span> <span class='ocrx_word' id='word_1_49' title='bbox 672 1129 962 1207; x_wconf 85' lang='lat' dir='ltr'><strong>acceptos</strong></span> <span class='ocrx_word' id='word_1_50' title='bbox 1005 1126 1150 1194; x_wconf 91' lang='lat' dir='ltr'><strong>illos</strong></span> <span class='ocrx_word' id='word_1_51' title='bbox 1193 1128 1360 1194; x_wconf 88' lang='lat' dir='ltr'><strong>viros</strong></span> <span class='ocrx_word' id='word_1_52' title='bbox 1399 1128 1497 1194; x_wconf 89' lang='lat' dir='ltr'><strong>dis</strong></span> <span class='ocrx_word' id='word_1_53' title='bbox 1536 1145 1675 1194; x_wconf 90' lang='lat' dir='ltr'><strong>esse</strong></span> <span class='ocrx_word' id='word_1_54' title='bbox 1718 1125 1886 1207; x_wconf 88' lang='lat' dir='ltr'><strong>velit,</strong></span> <span class='ocrx_word' id='word_1_55' title='bbox 1940 1127 2090 1210; x_wconf 89' lang='lat' dir='ltr'><strong>quia</strong></span> <span class='ocrx_word' id='word_1_56' title='bbox 2130 1127 2279 1192; x_wconf 88' lang='lat' dir='ltr'><strong>boni</strong></span> <span class='ocrx_word' id='word_1_57' title='bbox 2321 1126 2449 1193; x_wconf 91' lang='lat' dir='ltr'><strong>sint</strong></span> <span class='ocrx_word' id='word_1_58' title='bbox 2489 1125 2569 1192; x_wconf 92' lang='lat' dir='ltr'><strong>de</strong></span> <span class='ocrx_word' id='word_1_59' title='bbox 2608 1144 2680 1192; x_wconf 90' lang='lat' dir='ltr'><strong>re</strong></span> 
     </span>
     <span class='ocr_line' id='line_1_8' title="bbox 488 1233 2681 1319; baseline 0.001 -20"><span class='ocrx_word' id='word_1_60' title='bbox 488 1234 647 1300; x_wconf 86' lang='lat' dir='ltr'><strong>nihil</strong></span> <span class='ocrx_word' id='word_1_61' title='bbox 698 1233 824 1300; x_wconf 86' lang='lat' dir='ltr'><strong>erit</strong></span> <span class='ocrx_word' id='word_1_62' title='bbox 873 1235 1040 1316; x_wconf 89' lang='lat' dir='ltr'><strong>quod</strong></span> <span class='ocrx_word' id='word_1_63' title='bbox 1094 1236 1400 1319; x_wconf 84' lang='lat' dir='ltr'><strong>litigetur.</strong></span> <span class='ocrx_word' id='word_1_64' title='bbox 1457 1235 1759 1302; x_wconf 87' lang='lat' dir='ltr'><strong>Eiusdem</strong></span> <span class='ocrx_word' id='word_1_65' title='bbox 1807 1239 1995 1302; x_wconf 89' lang='lat' dir='ltr'><strong>notae</strong></span> <span class='ocrx_word' id='word_1_66' title='bbox 2048 1235 2164 1302; x_wconf 88' lang='lat' dir='ltr'><strong>hos</strong></span> <span class='ocrx_word' id='word_1_67' title='bbox 2217 1236 2455 1302; x_wconf 86' lang='lat' dir='ltr'><strong>habeas</strong></span> <span class='ocrx_word' id='word_1_68' title='bbox 2510 1236 2681 1302; x_wconf 91' lang='lat' dir='ltr'><strong>locos</strong></span> 
     </span>
     <span class='ocr_line' id='line_1_9' title="bbox 454 1343 2683 1425; baseline 0.001 -18"><span class='ocrx_word' id='word_1_69' title='bbox 454 1349 718 1408; x_wconf 60' lang='lat' dir='ltr'><strong>mollem</strong></span> <span class='ocrx_word' id='word_1_70' title='bbox 752 1351 1150 1424; x_wconf 77' lang='lat' dir='ltr'><strong>cedentemque</strong></span> <span class='ocrx_word' id='word_1_71' title='bbox 1201 1352 1511 1410; x_wconf 76' lang='lat' dir='ltr'><strong>materiam</strong></span> <span class='ocrx_word' id='word_1_72' title='bbox 1555 1343 1639 1409; x_wconf 87' lang='lat' dir='ltr'><strong>di.</strong></span> <span class='ocrx_word' id='word_1_73' title='bbox 1681 1344 1809 1409; x_wconf 88' lang='lat' dir='ltr'><strong>VII</strong></span> <span class='ocrx_word' id='word_1_74' title='bbox 1866 1343 1966 1420; x_wconf 83' lang='lat'><strong>27,</strong></span> <span class='ocrx_word' id='word_1_75' title='bbox 2012 1345 2069 1409; x_wconf 81' lang='lat'><strong>3.</strong></span> <span class='ocrx_word' id='word_1_76' title='bbox 2158 1349 2354 1409; x_wconf 78' lang='lat' dir='ltr'><strong>oeulos</strong></span> <span class='ocrx_word' id='word_1_77' title='bbox 2403 1347 2683 1425; x_wconf 75' lang='lat' dir='ltr'><strong>fatiyatos</strong></span> 
     </span>
     <span class='ocr_line' id='line_1_10' title="bbox 488 1439 2680 1535; baseline -0 -17"><span class='ocrx_word' id='word_1_78' title='bbox 488 1458 868 1532; x_wconf 73' lang='lat' dir='ltr'><strong>cadentesque</strong></span> <span class='ocrx_word' id='word_1_79' title='bbox 915 1461 982 1518; x_wconf 73' lang='lat' dir='ltr'><strong>in</strong></span> <span class='ocrx_word' id='word_1_80' title='bbox 1036 1475 1212 1532; x_wconf 80' lang='lat' dir='ltr'><strong>opere</strong></span> <span class='ocrx_word' id='word_1_81' title='bbox 1263 1471 1360 1535; x_wconf 96' lang='lat' dir='ltr'><strong>ep.</strong></span> <span class='ocrx_word' id='word_1_82' title='bbox 1422 1455 1480 1532; x_wconf 88' lang='grc'><strong>8,</strong></span> <span class='ocrx_word' id='word_1_83' title='bbox 1542 1455 1598 1519; x_wconf 91' lang='grc'><strong>1.</strong></span> <span class='ocrx_word' id='word_1_84' title='bbox 1766 1453 1883 1518; x_wconf 91' lang='lat' dir='ltr'><strong>Vel</strong></span> <span class='ocrx_word' id='word_1_85' title='bbox 1925 1457 1999 1518; x_wconf 88' lang='lat' dir='ltr'><strong>ut</strong></span> <span class='ocrx_word' id='word_1_86' title='bbox 2046 1457 2410 1534; x_wconf 85' lang='lat' dir='ltr'><strong>permutato</strong></span> <span class='ocrx_word' id='word_1_87' title='bbox 2462 1439 2680 1518; x_wconf 72' lang='lat' dir='ltr'><strong>ordine</strong></span> 
     </span>
     <span class='ocr_line' id='line_1_11' title="bbox 489 1559 2675 1657; baseline -0 -31"><span class='ocrx_word' id='word_1_88' title='bbox 489 1559 781 1628; x_wconf 80' lang='lat' dir='ltr'><strong>effectum</strong></span> <span class='ocrx_word' id='word_1_89' title='bbox 819 1566 1124 1644; x_wconf 87' lang='lat' dir='ltr'><strong>sequatur</strong></span> <span class='ocrx_word' id='word_1_90' title='bbox 1163 1581 1355 1629; x_wconf 87' lang='lat' dir='ltr'><strong>causa</strong></span> <span class='ocrx_word' id='word_1_91' title='bbox 1418 1573 1484 1629; x_wconf 78' lang='lat' dir='ltr'><strong>in</strong></span> <span class='ocrx_word' id='word_1_92' title='bbox 1522 1568 1685 1629; x_wconf 79' lang='lat' dir='ltr'><strong>molli</strong></span> <span class='ocrx_word' id='word_1_93' title='bbox 1732 1569 2102 1657; x_wconf 65' lang='lat' dir='ltr'><strong>palustrique</strong></span> <span class='ocrx_word' id='word_1_94' title='bbox 2130 1585 2357 1642; x_wconf 68' lang='lat' dir='ltr'><strong>pascuo</strong></span> <span class='ocrx_word' id='word_1_95' title='bbox 2416 1579 2513 1642; x_wconf 83' lang='lat' dir='ltr'><strong>ep.</strong></span> <span class='ocrx_word' id='word_1_96' title='bbox 2574 1562 2675 1640; x_wconf 84' lang='lat'><strong>51,</strong></span> 
     </span>
     <span class='ocr_line' id='line_1_12' title="bbox 495 1669 2680 1756; baseline -0 -21"><span class='ocrx_word' id='word_1_97' title='bbox 495 1672 591 1735; x_wconf 89' lang='grc'><strong>10.</strong></span> <span class='ocrx_word' id='word_1_98' title='bbox 673 1694 976 1756; x_wconf 26' lang='lat' dir='ltr'><strong>aquariam·</strong></span> <span class='ocrx_word' id='word_1_99' title='bbox 999 1680 1280 1737; x_wconf 76' lang='lat' dir='ltr'><strong>stantiwn</strong></span> <span class='ocrx_word' id='word_1_100' title='bbox 1326 1679 1769 1753; x_wconf 63' lang='lat' dir='ltr'><strong>clausor-umque</strong></span> <span class='ocrx_word' id='word_1_101' title='bbox 1817 1681 2040 1738; x_wconf 80' lang='lat' dir='ltr'><strong>natura</strong></span> <span class='ocrx_word' id='word_1_102' title='bbox 2096 1689 2157 1736; x_wconf 89' lang='lat' dir='ltr'><strong>n.</strong></span> <span class='ocrx_word' id='word_1_103' title='bbox 2218 1688 2277 1752; x_wconf 90' lang='lat' dir='ltr'><strong>q.</strong></span> <span class='ocrx_word' id='word_1_104' title='bbox 2336 1669 2435 1735; x_wconf 87' lang='lat'><strong>111</strong></span> <span class='ocrx_word' id='word_1_105' title='bbox 2476 1671 2578 1750; x_wconf 83' lang='lat'><strong>26,</strong></span> <span class='ocrx_word' id='word_1_106' title='bbox 2620 1672 2680 1736; x_wconf 88' lang='grc'><strong>8.</strong></span> 
     </span>
     <span class='ocr_line' id='line_1_13' title="bbox 492 1777 2681 1870; baseline -0.002 -24"><span class='ocrx_word' id='word_1_107' title='bbox 492 1777 615 1846; x_wconf 87' lang='lat' dir='ltr'><strong>Sed</strong></span> <span class='ocrx_word' id='word_1_108' title='bbox 659 1797 800 1845; x_wconf 87' lang='lat' dir='ltr'><strong>cum</strong></span> <span class='ocrx_word' id='word_1_109' title='bbox 840 1779 994 1846; x_wconf 88' lang='lat' dir='ltr'><strong>haec</strong></span> <span class='ocrx_word' id='word_1_110' title='bbox 1039 1780 1372 1846; x_wconf 82' lang='lat' dir='ltr'><strong>verborum</strong></span> <span class='ocrx_word' id='word_1_111' title='bbox 1416 1781 1581 1870; x_wconf 86' lang='lat' dir='ltr'><strong>ratio</strong></span> <span class='ocrx_word' id='word_1_112' title='bbox 1625 1781 1716 1846; x_wconf 86' lang='lat' dir='ltr'><strong>ita</strong></span> <span class='ocrx_word' id='word_1_113' title='bbox 1760 1780 1821 1844; x_wconf 88' lang='lat' dir='ltr'><strong>in</strong></span> <span class='ocrx_word' id='word_1_114' title='bbox 1865 1783 2085 1860; x_wconf 89' lang='lat' dir='ltr'><strong>aperto</strong></span> <span class='ocrx_word' id='word_1_115' title='bbox 2128 1781 2214 1846; x_wconf 91' lang='lat' dir='ltr'><strong>sit</strong></span> <span class='ocrx_word' id='word_1_116' title='bbox 2256 1783 2329 1845; x_wconf 85' lang='lat' dir='ltr'><strong>ut</strong></span> <span class='ocrx_word' id='word_1_117' title='bbox 2372 1782 2599 1863; x_wconf 89' lang='lat' dir='ltr'><strong>sponte</strong></span> <span class='ocrx_word' id='word_1_118' title='bbox 2639 1797 2681 1842; x_wconf 89' lang='lat' dir='ltr'><strong>a</strong></span> 
     </span>
     <span class='ocr_line' id='line_1_14' title="bbox 496 1887 2681 1972; baseline -0 -18"><span class='ocrx_word' id='word_1_119' title='bbox 496 1889 733 1954; x_wconf 83' lang='lat' dir='ltr'><strong>lectore</strong></span> <span class='ocrx_word' id='word_1_120' title='bbox 778 1891 1096 1956; x_wconf 86' lang='lat' dir='ltr'><strong>sentiatur</strong></span> <span class='ocrx_word' id='word_1_121' title='bbox 1127 1908 1241 1956; x_wconf 87' lang='lat' dir='ltr'><strong>nec</strong></span> <span class='ocrx_word' id='word_1_122' title='bbox 1270 1887 1468 1956; x_wconf 86' lang='lat' dir='ltr'><strong>multo</strong></span> <span class='ocrx_word' id='word_1_123' title='bbox 1497 1909 1659 1972; x_wconf 90' lang='lat' dir='ltr'><strong>opus</strong></span> <span class='ocrx_word' id='word_1_124' title='bbox 1704 1890 1786 1956; x_wconf 87' lang='lat' dir='ltr'><strong>sit</strong></span> <span class='ocrx_word' id='word_1_125' title='bbox 1817 1889 2104 1954; x_wconf 86' lang='lat' dir='ltr'><strong>acumine</strong></span> <span class='ocrx_word' id='word_1_126' title='bbox 2133 1890 2215 1954; x_wconf 82' lang='lat' dir='ltr'><strong>ad</strong></span> <span class='ocrx_word' id='word_1_127' title='bbox 2256 1887 2681 1971; x_wconf 86' lang='lat' dir='ltr'><strong>indagandam</strong></span> 
     </span>
     <span class='ocr_line' id='line_1_15' title="bbox 493 1997 2686 2080; baseline -0.002 -16"><span class='ocrx_word' id='word_1_128' title='bbox 493 2017 633 2064; x_wconf 87' lang='lat' dir='ltr'><strong>eam</strong></span> <span class='ocrx_word' id='word_1_129' title='bbox 677 2015 802 2064; x_wconf 90' lang='lat' dir='ltr'><strong>non</strong></span> <span class='ocrx_word' id='word_1_130' title='bbox 825 1999 1052 2064; x_wconf 86' lang='lat' dir='ltr'><strong>accedo</strong></span> <span class='ocrx_word' id='word_1_131' title='bbox 1089 1999 1210 2064; x_wconf 88' lang='lat' dir='ltr'><strong>illis</strong></span> <span class='ocrx_word' id='word_1_132' title='bbox 1253 1997 1362 2079; x_wconf 84' lang='lat' dir='ltr'><strong>qui</strong></span> <span class='ocrx_word' id='word_1_133' title='bbox 1405 1997 1763 2064; x_wconf 87' lang='lat' dir='ltr'><strong>huiusmodi</strong></span> <span class='ocrx_word' id='word_1_134' title='bbox 1807 1997 2093 2080; x_wconf 80' lang='lat' dir='ltr'><strong>exempla</strong></span> <span class='ocrx_word' id='word_1_135' title='bbox 2117 2012 2347 2062; x_wconf 85' lang='lat' dir='ltr'><strong>novum</strong></span> <span class='ocrx_word' id='word_1_136' title='bbox 2379 2002 2445 2064; x_wconf 93' lang='lat' dir='ltr'><strong>et</strong></span> <span class='ocrx_word' id='word_1_137' title='bbox 2498 1997 2686 2079; x_wconf 86' lang='lat' dir='ltr'><strong>plane</strong></span> 
     </span>
     <span class='ocr_line' id='line_1_16' title="bbox 493 2085 1954 2190; baseline -0.001 -16"><span class='ocrx_word' id='word_1_138' title='bbox 493 2107 853 2174; x_wconf 85' lang='lat' dir='ltr'><strong>distinctum</strong></span> <span class='ocrx_word' id='word_1_139' title='bbox 897 2127 936 2172; x_wconf 87' lang='lat' dir='ltr'><strong>a</strong></span> <span class='ocrx_word' id='word_1_140' title='bbox 979 2085 1189 2189; x_wconf 69' lang='lat' dir='ltr'><strong>priore</strong></span> <span class='ocrx_word' id='word_1_141' title='bbox 1231 2125 1431 2190; x_wconf 88' lang='lat' dir='ltr'><strong>genus</strong></span> <span class='ocrx_word' id='word_1_142' title='bbox 1475 2107 1671 2174; x_wconf 81' lang='lat' dir='ltr'><strong>videri</strong></span> <span class='ocrx_word' id='word_1_143' title='bbox 1714 2107 1954 2173; x_wconf 85' lang='lat' dir='ltr'><strong>volunt.</strong></span> 
     </span>
    </p>

    <p class='ocr_par' dir='ltr' id='par_1_3' title="bbox 491 2215 2688 3061">
     <span class='ocr_line' id='line_1_17' title="bbox 690 2215 2675 2298; baseline -0.001 -15"><span class='ocrx_word' id='word_1_144' title='bbox 690 2215 927 2283; x_wconf 89' lang='lat' dir='ltr'><strong>Verum</strong></span> <span class='ocrx_word' id='word_1_145' title='bbox 971 2221 1188 2282; x_wconf 86' lang='lat' dir='ltr'><strong>autem</strong></span> <span class='ocrx_word' id='word_1_146' title='bbox 1227 2217 1563 2282; x_wconf 84' lang='lat' dir='ltr'><strong>discrimen</strong></span> <span class='ocrx_word' id='word_1_147' title='bbox 1604 2235 1748 2283; x_wconf 87' lang='lat' dir='ltr'><strong>cum</strong></span> <span class='ocrx_word' id='word_1_148' title='bbox 1794 2215 2121 2298; x_wconf 84' lang='lat' dir='ltr'><strong>adpareat,</strong></span> <span class='ocrx_word' id='word_1_149' title='bbox 2166 2217 2394 2283; x_wconf 84' lang='lat' dir='ltr'><strong>merito</strong></span> <span class='ocrx_word' id='word_1_150' title='bbox 2438 2235 2478 2282; x_wconf 90' lang='lat' dir='ltr'><strong>a</strong></span> <span class='ocrx_word' id='word_1_151' title='bbox 2504 2215 2675 2298; x_wconf 89' lang='lat' dir='ltr'><strong>prio-</strong></span> 
     </span>
     <span class='ocr_line' id='line_1_18' title="bbox 493 2312 2684 2409; baseline 0.001 -19"><span class='ocrx_word' id='word_1_152' title='bbox 493 2324 667 2394; x_wconf 81' lang='lat' dir='ltr'><strong>ribus</strong></span> <span class='ocrx_word' id='word_1_153' title='bbox 725 2325 1102 2394; x_wconf 84' lang='lat' dir='ltr'><strong>distrahitur</strong></span> <span class='ocrx_word' id='word_1_154' title='bbox 1165 2327 1228 2392; x_wconf 89' lang='lat' dir='ltr'><strong>id</strong></span> <span class='ocrx_word' id='word_1_155' title='bbox 1292 2345 1491 2408; x_wconf 85' lang='lat' dir='ltr'><strong>genus</strong></span> <span class='ocrx_word' id='word_1_156' title='bbox 1556 2312 1723 2407; x_wconf 84' lang='lat' dir='ltr'><strong>quod</strong></span> <span class='ocrx_word' id='word_1_157' title='bbox 1790 2326 2025 2409; x_wconf 83' lang='lat' dir='ltr'><strong>insigne</strong></span> <span class='ocrx_word' id='word_1_158' title='bbox 2090 2330 2187 2392; x_wconf 89' lang='lat' dir='ltr'><strong>est</strong></span> <span class='ocrx_word' id='word_1_159' title='bbox 2247 2326 2684 2392; x_wconf 88' lang='lat' dir='ltr'><strong>coniunctione</strong></span> 
     </span>
     <span class='ocr_line' id='line_1_19' title="bbox 493 2432 2685 2519; baseline 0 -18"><span class='ocrx_word' id='word_1_160' title='bbox 493 2434 944 2503; x_wconf 85' lang='lat' dir='ltr'><strong>adiectivorum</strong></span> <span class='ocrx_word' id='word_1_161' title='bbox 1009 2436 1093 2502; x_wconf 90' lang='lat' dir='ltr'><strong>ad</strong></span> <span class='ocrx_word' id='word_1_162' title='bbox 1147 2435 1356 2502; x_wconf 86' lang='lat' dir='ltr'><strong>varias</strong></span> <span class='ocrx_word' id='word_1_163' title='bbox 1425 2455 1527 2503; x_wconf 87' lang='lat' dir='ltr'><strong>res</strong></span> <span class='ocrx_word' id='word_1_164' title='bbox 1592 2435 2035 2519; x_wconf 82' lang='lat' dir='ltr'><strong>spectantium.</strong></span> <span class='ocrx_word' id='word_1_165' title='bbox 2119 2432 2334 2502; x_wconf 83' lang='lat' dir='ltr'><strong>Minus</strong></span> <span class='ocrx_word' id='word_1_166' title='bbox 2375 2451 2519 2501; x_wconf 88' lang='lat' dir='ltr'><strong>vero</strong></span> <span class='ocrx_word' id='word_1_167' title='bbox 2584 2433 2685 2502; x_wconf 89' lang='lat' dir='ltr'><strong>hic</strong></span> 
     </span>
     <span class='ocr_line' id='line_1_20' title="bbox 491 2542 2681 2628; baseline -0 -19"><span class='ocrx_word' id='word_1_168' title='bbox 491 2564 648 2611; x_wconf 85' lang='lat' dir='ltr'><strong>usus</strong></span> <span class='ocrx_word' id='word_1_169' title='bbox 699 2562 844 2611; x_wconf 87' lang='lat' dir='ltr'><strong>cum</strong></span> <span class='ocrx_word' id='word_1_170' title='bbox 886 2545 1140 2628; x_wconf 89' lang='lat' dir='ltr'><strong>proprio</strong></span> <span class='ocrx_word' id='word_1_171' title='bbox 1183 2548 1249 2610; x_wconf 91' lang='lat' dir='ltr'><strong>et</strong></span> <span class='ocrx_word' id='word_1_172' title='bbox 1293 2545 1563 2625; x_wconf 87' lang='lat' dir='ltr'><strong>genuino</strong></span> <span class='ocrx_word' id='word_1_173' title='bbox 1614 2542 1961 2626; x_wconf 80' lang='lat' dir='ltr'><strong>particulae</strong></span> <span class='ocrx_word' id='word_1_174' title='bbox 2004 2566 2113 2623; x_wconf 76' lang='lat' dir='ltr'><strong>que</strong></span> <span class='ocrx_word' id='word_1_175' title='bbox 2154 2561 2347 2609; x_wconf 89' lang='lat' dir='ltr'><strong>sensu</strong></span> <span class='ocrx_word' id='word_1_176' title='bbox 2394 2543 2681 2622; x_wconf 83' lang='lat' dir='ltr'><strong>concinit,</strong></span> 
     </span>
     <span class='ocr_line' id='line_1_21' title="bbox 491 2652 2681 2736; baseline -0.001 -17"><span class='ocrx_word' id='word_1_177' title='bbox 491 2655 707 2736; x_wconf 89' lang='lat' dir='ltr'><strong>itaque</strong></span> <span class='ocrx_word' id='word_1_178' title='bbox 751 2653 952 2719; x_wconf 90' lang='lat' dir='ltr'><strong>minor</strong></span> <span class='ocrx_word' id='word_1_179' title='bbox 991 2652 1180 2719; x_wconf 89' lang='lat' dir='ltr'><strong>huius</strong></span> <span class='ocrx_word' id='word_1_180' title='bbox 1221 2656 1413 2718; x_wconf 86' lang='lat' dir='ltr'><strong>notae</strong></span> <span class='ocrx_word' id='word_1_181' title='bbox 1456 2654 1886 2736; x_wconf 86' lang='lat' dir='ltr'><strong>exemplorum</strong></span> <span class='ocrx_word' id='word_1_182' title='bbox 1914 2670 2215 2718; x_wconf 86' lang='lat' dir='ltr'><strong>numerus</strong></span> <span class='ocrx_word' id='word_1_183' title='bbox 2242 2658 2361 2732; x_wconf 88' lang='lat' dir='ltr'><strong>est,</strong></span> <span class='ocrx_word' id='word_1_184' title='bbox 2412 2667 2681 2731; x_wconf 85' lang='lat' dir='ltr'><strong>quorum</strong></span> 
     </span>
     <span class='ocr_line' id='line_1_22' title="bbox 497 2761 2688 2845; baseline 0 -18"><span class='ocrx_word' id='word_1_185' title='bbox 497 2766 572 2827; x_wconf 93' lang='lat' dir='ltr'><strong>ut</strong></span> <span class='ocrx_word' id='word_1_186' title='bbox 590 2762 998 2845; x_wconf 87' lang='lat' dir='ltr'><strong>intellegatur</strong></span> <span class='ocrx_word' id='word_1_187' title='bbox 1030 2761 1250 2842; x_wconf 90' lang='lat' dir='ltr'><strong>quales</strong></span> <span class='ocrx_word' id='word_1_188' title='bbox 1294 2762 1460 2828; x_wconf 88' lang='lat' dir='ltr'><strong>locos</strong></span> <span class='ocrx_word' id='word_1_189' title='bbox 1485 2762 1837 2845; x_wconf 82' lang='lat' dir='ltr'><strong>respiciam,</strong></span> <span class='ocrx_word' id='word_1_190' title='bbox 1876 2761 1999 2827; x_wconf 87' lang='lat' dir='ltr'><strong>duo</strong></span> <span class='ocrx_word' id='word_1_191' title='bbox 2025 2762 2367 2843; x_wconf 86' lang='lat' dir='ltr'><strong>adponam:</strong></span> <span class='ocrx_word' id='word_1_192' title='bbox 2410 2782 2688 2841; x_wconf 67' lang='lat' dir='ltr'><strong>nmquam</strong></span> 
     </span>
     <span class='ocr_line' id='line_1_23' title="bbox 493 2856 2677 2959; baseline 0 -23"><span class='ocrx_word' id='word_1_193' title='bbox 493 2880 835 2952; x_wconf 61' lang='lat' dir='ltr'><strong>mumque</strong></span> <span class='ocrx_word' id='word_1_194' title='bbox 876 2878 1086 2938; x_wconf 70' lang='lat' dir='ltr'><strong>bonam</strong></span> <span class='ocrx_word' id='word_1_195' title='bbox 1125 2870 1184 2937; x_wconf 84' lang='lat' dir='ltr'><strong>d.</strong></span> <span class='ocrx_word' id='word_1_196' title='bbox 1229 2872 1304 2936; x_wconf 77' lang='lat' dir='ltr'><strong>cl.</strong></span> <span class='ocrx_word' id='word_1_197' title='bbox 1339 2856 1378 2935; x_wconf 77' lang='grc' dir='ltr'><strong><em>Ἰ</em></strong></span> <span class='ocrx_word' id='word_1_198' title='bbox 1420 2873 1476 2951; x_wconf 88' lang='grc'><strong>1,</strong></span> <span class='ocrx_word' id='word_1_199' title='bbox 1520 2872 1580 2938; x_wconf 85' lang='grc'><strong>5.</strong></span> <span class='ocrx_word' id='word_1_200' title='bbox 1644 2894 1787 2950; x_wconf 73' lang='lat' dir='ltr'><strong>quos</strong></span> <span class='ocrx_word' id='word_1_201' title='bbox 1825 2875 2029 2959; x_wconf 58' lang='lat' dir='ltr'><strong>civilia</strong></span> <span class='ocrx_word' id='word_1_202' title='bbox 2069 2876 2222 2936; x_wconf 72' lang='lat' dir='ltr'><strong>bolca</strong></span> <span class='ocrx_word' id='word_1_203' title='bbox 2260 2877 2455 2936; x_wconf 72' lang='lat' dir='ltr'><strong>claros</strong></span> <span class='ocrx_word' id='word_1_204' title='bbox 2470 2878 2677 2951; x_wconf 73' lang='lat' dir='ltr'><strong>poten-</strong></span> 
     </span>
     <span class='ocr_line' id='line_1_24' title="bbox 492 2978 1571 3061; baseline -0.006 -15"><span class='ocrx_word' id='word_1_205' title='bbox 492 2990 689 3061; x_wconf 74' lang='lat' dir='ltr'><strong>tesque</strong></span> <span class='ocrx_word' id='word_1_206' title='bbox 726 2985 1002 3061; x_wconf 35' lang='lat' dir='ltr'><strong>fecerunt,</strong></span> <span class='ocrx_word' id='word_1_207' title='bbox 1031 2996 1130 3059; x_wconf 87' lang='lat' dir='ltr'><strong>ep.</strong></span> <span class='ocrx_word' id='word_1_208' title='bbox 1177 2978 1280 3057; x_wconf 85' lang='lat'><strong>94,</strong></span> <span class='ocrx_word' id='word_1_209' title='bbox 1323 2978 1426 3042; x_wconf 86' lang='lat'><strong>46.</strong></span> <span class='ocrx_word' id='word_1_210' title='bbox 1563 3040 1571 3047; x_wconf 80' lang='grc'><em>,</em></span> 
     </span>
    </p>

    <p class='ocr_par' dir='ltr' id='par_1_4' title="bbox 495 3084 2681 3496">
     <span class='ocr_line' id='line_1_25' title="bbox 691 3084 2680 3170; baseline -0.002 -18"><span class='ocrx_word' id='word_1_211' title='bbox 691 3087 824 3154; x_wconf 88' lang='lat' dir='ltr'><strong>Iam</strong></span> <span class='ocrx_word' id='word_1_212' title='bbox 894 3088 974 3153; x_wconf 86' lang='lat' dir='ltr'><strong>de</strong></span> <span class='ocrx_word' id='word_1_213' title='bbox 1035 3087 1252 3170; x_wconf 82' lang='lat' dir='ltr'><strong>paucis</strong></span> <span class='ocrx_word' id='word_1_214' title='bbox 1317 3087 1466 3153; x_wconf 88' lang='lat' dir='ltr'><strong>locis</strong></span> <span class='ocrx_word' id='word_1_215' title='bbox 1512 3085 1929 3166; x_wconf 88' lang='lat' dir='ltr'><strong>loquendum,</strong></span> <span class='ocrx_word' id='word_1_216' title='bbox 1994 3085 2105 3165; x_wconf 86' lang='lat' dir='ltr'><strong>qui</strong></span> <span class='ocrx_word' id='word_1_217' title='bbox 2144 3084 2680 3167; x_wconf 84' lang='lat' dir='ltr'><strong>quemadmodum</strong></span> 
     </span>
     <span class='ocr_line' id='line_1_26' title="bbox 497 3193 2681 3279; baseline -0.001 -18"><span class='ocrx_word' id='word_1_218' title='bbox 497 3196 604 3261; x_wconf 86' lang='lat' dir='ltr'><strong>uni</strong></span> <span class='ocrx_word' id='word_1_219' title='bbox 647 3214 730 3263; x_wconf 88' lang='lat' dir='ltr'><strong>ex</strong></span> <span class='ocrx_word' id='word_1_220' title='bbox 769 3195 976 3263; x_wconf 89' lang='lat' dir='ltr'><strong>tribus</strong></span> <span class='ocrx_word' id='word_1_221' title='bbox 1017 3196 1442 3279; x_wconf 88' lang='lat' dir='ltr'><strong>superioribus</strong></span> <span class='ocrx_word' id='word_1_222' title='bbox 1485 3194 1821 3277; x_wconf 84' lang='lat' dir='ltr'><strong>generibus</strong></span> <span class='ocrx_word' id='word_1_223' title='bbox 1862 3194 2227 3260; x_wconf 87' lang='lat' dir='ltr'><strong>inserantur</strong></span> <span class='ocrx_word' id='word_1_224' title='bbox 2263 3193 2496 3276; x_wconf 85' lang='lat' dir='ltr'><strong>quippe</strong></span> <span class='ocrx_word' id='word_1_225' title='bbox 2538 3210 2681 3258; x_wconf 88' lang='lat' dir='ltr'><strong>cum</strong></span> 
     </span>
     <span class='ocr_line' id='line_1_27' title="bbox 495 3301 2678 3386; baseline -0.002 -14"><span class='ocrx_word' id='word_1_226' title='bbox 495 3306 838 3373; x_wconf 85' lang='lat' dir='ltr'><strong>abhorrere</strong></span> <span class='ocrx_word' id='word_1_227' title='bbox 881 3305 1215 3373; x_wconf 85' lang='lat' dir='ltr'><strong>videantur</strong></span> <span class='ocrx_word' id='word_1_228' title='bbox 1259 3304 1340 3371; x_wconf 87' lang='lat' dir='ltr'><strong>ab</strong></span> <span class='ocrx_word' id='word_1_229' title='bbox 1385 3304 1697 3384; x_wconf 88' lang='lat' dir='ltr'><strong>omnibus,</strong></span> <span class='ocrx_word' id='word_1_230' title='bbox 1738 3303 1941 3386; x_wconf 87' lang='lat' dir='ltr'><strong>primo</strong></span> <span class='ocrx_word' id='word_1_231' title='bbox 1970 3302 2226 3369; x_wconf 88' lang='lat' dir='ltr'><strong>dubium</strong></span> <span class='ocrx_word' id='word_1_232' title='bbox 2258 3318 2394 3369; x_wconf 85' lang='lat' dir='ltr'><strong>esse</strong></span> <span class='ocrx_word' id='word_1_233' title='bbox 2422 3301 2678 3383; x_wconf 83' lang='lat' dir='ltr'><strong>poterit,</strong></span> 
     </span>
     <span class='ocr_line' id='line_1_28' title="bbox 495 3413 1585 3496; baseline -0.004 -15"><span class='ocrx_word' id='word_1_234' title='bbox 495 3414 732 3481; x_wconf 88' lang='lat' dir='ltr'><strong>habent</strong></span> <span class='ocrx_word' id='word_1_235' title='bbox 769 3416 932 3482; x_wconf 88' lang='lat' dir='ltr'><strong>enim</strong></span> <span class='ocrx_word' id='word_1_236' title='bbox 974 3413 1212 3495; x_wconf 89' lang='lat' dir='ltr'><strong>aliquid</strong></span> <span class='ocrx_word' id='word_1_237' title='bbox 1254 3414 1585 3496; x_wconf 85' lang='lat' dir='ltr'><strong>peculiare.</strong></span> 
     </span>
    </p>

    <p class='ocr_par' dir='ltr' id='par_1_5' title="bbox 498 3518 2687 3933">
     <span class='ocr_line' id='line_1_29' title="bbox 695 3518 2679 3590; baseline -0.003 -2"><span class='ocrx_word' id='word_1_238' title='bbox 695 3523 894 3590; x_wconf 89' lang='lat' dir='ltr'><strong>Mirus</strong></span> <span class='ocrx_word' id='word_1_239' title='bbox 943 3522 1018 3589; x_wconf 88' lang='lat' dir='ltr'><strong>fit</strong></span> <span class='ocrx_word' id='word_1_240' title='bbox 1057 3523 1365 3589; x_wconf 85' lang='lat' dir='ltr'><strong>transitus</strong></span> <span class='ocrx_word' id='word_1_241' title='bbox 1402 3542 1442 3587; x_wconf 88' lang='lat' dir='ltr'><strong>a</strong></span> <span class='ocrx_word' id='word_1_242' title='bbox 1483 3520 1745 3589; x_wconf 86' lang='lat' dir='ltr'><strong>fortiore</strong></span> <span class='ocrx_word' id='word_1_243' title='bbox 1787 3522 2087 3589; x_wconf 86' lang='lat' dir='ltr'><strong>vocabulo</strong></span> <span class='ocrx_word' id='word_1_244' title='bbox 2131 3518 2213 3585; x_wconf 89' lang='lat' dir='ltr'><strong>ad</strong></span> <span class='ocrx_word' id='word_1_245' title='bbox 2262 3518 2569 3586; x_wconf 83' lang='lat' dir='ltr'><strong>infirmius</strong></span> <span class='ocrx_word' id='word_1_246' title='bbox 2602 3534 2679 3583; x_wconf 90' lang='lat' dir='ltr'><strong>eo</strong></span> 
     </span>
     <span class='ocr_line' id='line_1_30' title="bbox 498 3628 2679 3715; baseline -0.003 -15"><span class='ocrx_word' id='word_1_247' title='bbox 498 3651 711 3710; x_wconf 80' lang='lat' dir='ltr'><strong>sensu,</strong></span> <span class='ocrx_word' id='word_1_248' title='bbox 775 3640 848 3699; x_wconf 88' lang='lat' dir='ltr'><strong>ut</strong></span> <span class='ocrx_word' id='word_1_249' title='bbox 913 3632 1152 3715; x_wconf 87' lang='lat' dir='ltr'><strong>aliquid</strong></span> <span class='ocrx_word' id='word_1_250' title='bbox 1216 3631 1593 3698; x_wconf 85' lang='lat' dir='ltr'><strong>detrahatur</strong></span> <span class='ocrx_word' id='word_1_251' title='bbox 1652 3632 1734 3698; x_wconf 90' lang='lat' dir='ltr'><strong>de</strong></span> <span class='ocrx_word' id='word_1_252' title='bbox 1772 3630 1835 3697; x_wconf 79' lang='lat' dir='ltr'><strong>vi</strong></span> <span class='ocrx_word' id='word_1_253' title='bbox 1890 3630 2057 3697; x_wconf 87' lang='lat' dir='ltr'><strong>illius</strong></span> <span class='ocrx_word' id='word_1_254' title='bbox 2098 3648 2160 3694; x_wconf 90' lang='lat' dir='ltr'><strong>n.</strong></span> <span class='ocrx_word' id='word_1_255' title='bbox 2208 3646 2270 3711; x_wconf 89' lang='lat' dir='ltr'><strong>q.</strong></span> <span class='ocrx_word' id='word_1_256' title='bbox 2314 3628 2412 3693; x_wconf 92' lang='lat' dir='ltr'><strong>III</strong></span> <span class='ocrx_word' id='word_1_257' title='bbox 2459 3646 2554 3710; x_wconf 89' lang='lat' dir='ltr'><strong>pr.</strong></span> <span class='ocrx_word' id='word_1_258' title='bbox 2599 3628 2679 3693; x_wconf 90' lang='lat'><strong>18</strong></span> 
     </span>
     <span class='ocr_line' id='line_1_31' title="bbox 499 3748 2681 3834; baseline -0.003 -25"><span class='ocrx_word' id='word_1_259' title='bbox 499 3750 789 3819; x_wconf 66' lang='lat' dir='ltr'><strong>artmano,</strong></span> <span class='ocrx_word' id='word_1_260' title='bbox 851 3766 964 3823; x_wconf 76' lang='lat' dir='ltr'><strong>qao</strong></span> <span class='ocrx_word' id='word_1_261' title='bbox 1005 3762 1225 3807; x_wconf 75' lang='lat' dir='ltr'><strong>sumno</strong></span> <span class='ocrx_word' id='word_1_262' title='bbox 1265 3765 1589 3823; x_wconf 62' lang='lat' dir='ltr'><strong>unaquoque</strong></span> <span class='ocrx_word' id='word_1_263' title='bbox 1631 3764 1779 3822; x_wconf 78' lang='lat' dir='ltr'><strong>opus</strong></span> <span class='ocrx_word' id='word_1_264' title='bbox 1820 3752 1924 3816; x_wconf 73' lang='lat' dir='ltr'><strong>est,</strong></span> <span class='ocrx_word' id='word_1_265' title='bbox 1964 3748 2299 3809; x_wconf 65' lang='lat' dir='ltr'><strong>seducimus</strong></span> <span class='ocrx_word' id='word_1_266' title='bbox 2338 3762 2381 3804; x_wconf 88' lang='lat' dir='ltr'><strong>a</strong></span> <span class='ocrx_word' id='word_1_267' title='bbox 2419 3758 2681 3834; x_wconf 71' lang='lat' dir='ltr'><strong>corpore.</strong></span> 
     </span>
     <span class='ocr_line' id='line_1_32' title="bbox 498 3851 2687 3933; baseline -0.002 -16"><span class='ocrx_word' id='word_1_268' title='bbox 498 3851 599 3919; x_wconf 82' lang='lat' dir='ltr'><strong>vel</strong></span> <span class='ocrx_word' id='word_1_269' title='bbox 652 3853 713 3918; x_wconf 89' lang='lat' dir='ltr'><strong>d.</strong></span> <span class='ocrx_word' id='word_1_270' title='bbox 752 3852 812 3918; x_wconf 90' lang='lat' dir='ltr'><strong>b.</strong></span> <span class='ocrx_word' id='word_1_271' title='bbox 861 3852 916 3917; x_wconf 91' lang='lat' dir='ltr'>V</span> <span class='ocrx_word' id='word_1_272' title='bbox 962 3853 1058 3933; x_wconf 85' lang='lat'><strong>15,</strong></span> <span class='ocrx_word' id='word_1_273' title='bbox 1105 3855 1143 3917; x_wconf 86' lang='lat'>2</span> <span class='ocrx_word' id='word_1_274' title='bbox 1183 3856 1701 3919; x_wconf 53' lang='lat' dir='ltr'><strong>murmurationem</strong></span> <span class='ocrx_word' id='word_1_275' title='bbox 1730 3900 1745 3917; x_wconf 95' lang='lat'><strong>.</strong></span> <span class='ocrx_word' id='word_1_276' title='bbox 1772 3902 1786 3917; x_wconf 87' lang='lat'><strong>.</strong></span> <span class='ocrx_word' id='word_1_277' title='bbox 1819 3904 1832 3916; x_wconf 93' lang='lat'><strong>.</strong></span> <span class='ocrx_word' id='word_1_278' title='bbox 1864 3899 1880 3916; x_wconf 91' lang='lat'><strong>.</strong></span> <span class='ocrx_word' id='word_1_279' title='bbox 1938 3872 2057 3930; x_wconf 75' lang='lat' dir='ltr'><strong>pro</strong></span> <span class='ocrx_word' id='word_1_280' title='bbox 2096 3858 2347 3929; x_wconf 77' lang='lat' dir='ltr'><strong>pessimo</strong></span> <span class='ocrx_word' id='word_1_281' title='bbox 2386 3868 2687 3927; x_wconf 76' lang='lat' dir='ltr'><strong>pravoque</strong></span> 
     </span>
    </p>
   </div>
   <div class='ocr_carea' id='block_1_3' title="bbox 378 3955 2682 4041">
    <p class='ocr_par' dir='ltr' id='par_1_6' title="bbox 378 3955 2682 4041">
     <span class='ocr_line' id='line_1_33' title="bbox 378 3955 2682 4041; baseline -0.003 -13"><span class='ocrx_word' id='word_1_282' title='bbox 378 3997 386 4006; x_wconf 76' lang='lat'>=</span> <span class='ocrx_word' id='word_1_283' title='bbox 499 3969 959 4038; x_wconf 62' lang='lat' dir='ltr'><strong>memorantium,</strong></span> <span class='ocrx_word' id='word_1_284' title='bbox 1016 3968 1290 4041; x_wconf 70' lang='lat' dir='ltr'><strong>quicquid</strong></span> <span class='ocrx_word' id='word_1_285' title='bbox 1344 3967 1496 4027; x_wconf 73' lang='lat' dir='ltr'><strong>eitra</strong></span> <span class='ocrx_word' id='word_1_286' title='bbox 1538 3968 1684 4031; x_wconf 73' lang='lat' dir='ltr'><strong>recti</strong></span> <span class='ocrx_word' id='word_1_287' title='bbox 1726 3966 2044 4037; x_wconf 77' lang='lat' dir='ltr'><strong>formulam</strong></span> <span class='ocrx_word' id='word_1_288' title='bbox 2084 3964 2307 4023; x_wconf 71' lang='lat' dir='ltr'><strong>cecidit.</strong></span> <span class='ocrx_word' id='word_1_289' title='bbox 2394 3956 2492 4022; x_wconf 85' lang='lat' dir='ltr'><strong>De</strong></span> <span class='ocrx_word' id='word_1_290' title='bbox 2532 3955 2682 4023; x_wconf 85' lang='lat' dir='ltr'><strong>sim-</strong></span> 
     </span>
    </p>
   </div>
   <div class='ocr_carea' id='block_1_4' title="bbox 500 4058 2687 4483">
    <p class='ocr_par' dir='ltr' id='par_1_7' title="bbox 500 4058 2687 4483">
     <span class='ocr_line' id='line_1_34' title="bbox 501 4058 2687 4154; baseline -0.002 -21"><span class='ocrx_word' id='word_1_291' title='bbox 501 4068 642 4154; x_wconf 87' lang='lat' dir='ltr'><strong>plici</strong></span> <span class='ocrx_word' id='word_1_292' title='bbox 687 4068 1036 4137; x_wconf 88' lang='lat' dir='ltr'><strong>adiectione</strong></span> <span class='ocrx_word' id='word_1_293' title='bbox 1078 4069 1364 4136; x_wconf 86' lang='lat' dir='ltr'><strong>vocabuli</strong></span> <span class='ocrx_word' id='word_1_294' title='bbox 1405 4068 1500 4135; x_wconf 91' lang='lat' dir='ltr'><strong>his</strong></span> <span class='ocrx_word' id='word_1_295' title='bbox 1543 4069 1696 4135; x_wconf 90' lang='lat' dir='ltr'><strong>locis</strong></span> <span class='ocrx_word' id='word_1_296' title='bbox 1735 4066 1998 4149; x_wconf 89' lang='lat' dir='ltr'><strong>cogitari</strong></span> <span class='ocrx_word' id='word_1_297' title='bbox 2040 4067 2277 4147; x_wconf 86' lang='lat' dir='ltr'><strong>nequit,</strong></span> <span class='ocrx_word' id='word_1_298' title='bbox 2323 4058 2479 4131; x_wconf 85' lang='lat' dir='ltr'><strong>n&#39;ihil</strong></span> <span class='ocrx_word' id='word_1_299' title='bbox 2520 4065 2687 4129; x_wconf 84' lang='lat' dir='ltr'><strong>enim</strong></span> 
     </span>
     <span class='ocr_line' id='line_1_35' title="bbox 502 4170 2685 4261; baseline -0.003 -18"><span class='ocrx_word' id='word_1_300' title='bbox 502 4179 694 4261; x_wconf 87' lang='lat' dir='ltr'><strong>plane</strong></span> <span class='ocrx_word' id='word_1_301' title='bbox 733 4178 880 4244; x_wconf 75' lang='lat' dir='ltr'><strong>novi</strong></span> <span class='ocrx_word' id='word_1_302' title='bbox 925 4176 1204 4253; x_wconf 85' lang='lat' dir='ltr'><strong>additur,</strong></span> <span class='ocrx_word' id='word_1_303' title='bbox 1251 4176 1360 4243; x_wconf 88' lang='lat' dir='ltr'><strong>sed</strong></span> <span class='ocrx_word' id='word_1_304' title='bbox 1403 4180 1725 4241; x_wconf 87' lang='lat' dir='ltr'><strong>coercetur</strong></span> <span class='ocrx_word' id='word_1_305' title='bbox 1767 4174 1941 4255; x_wconf 87' lang='lat' dir='ltr'><strong>prior</strong></span> <span class='ocrx_word' id='word_1_306' title='bbox 1968 4190 2092 4239; x_wconf 88' lang='lat' dir='ltr'><strong>vox</strong></span> <span class='ocrx_word' id='word_1_307' title='bbox 2132 4173 2227 4238; x_wconf 81' lang='lat' dir='ltr'><strong>ita</strong></span> <span class='ocrx_word' id='word_1_308' title='bbox 2268 4176 2343 4238; x_wconf 88' lang='lat' dir='ltr'><strong>ut</strong></span> <span class='ocrx_word' id='word_1_309' title='bbox 2382 4194 2491 4252; x_wconf 77' lang='lat' dir='ltr'><strong>que</strong></span> <span class='ocrx_word' id='word_1_310' title='bbox 2521 4170 2685 4237; x_wconf 91' lang='lat' dir='ltr'><strong>idem</strong></span> 
     </span>
     <span class='ocr_line' id='line_1_36' title="bbox 500 4280 2684 4368; baseline -0.004 -15"><span class='ocrx_word' id='word_1_311' title='bbox 500 4287 634 4355; x_wconf 81' lang='lat' dir='ltr'><strong>fere</strong></span> <span class='ocrx_word' id='word_1_312' title='bbox 675 4288 890 4353; x_wconf 85' lang='lat' dir='ltr'><strong>valere</strong></span> <span class='ocrx_word' id='word_1_313' title='bbox 932 4286 1100 4368; x_wconf 88' lang='lat' dir='ltr'><strong>quod</strong></span> <span class='ocrx_word' id='word_1_314' title='bbox 1141 4296 1247 4351; x_wconf 80' lang='lat' dir='ltr'><strong>aut</strong></span> <span class='ocrx_word' id='word_1_315' title='bbox 1287 4296 1440 4353; x_wconf 75' lang='lat' dir='ltr'><strong>certe</strong></span> <span class='ocrx_word' id='word_1_316' title='bbox 1479 4283 1832 4367; x_wconf 83' lang='lat' dir='ltr'><strong>putandum</strong></span> <span class='ocrx_word' id='word_1_317' title='bbox 1862 4283 1967 4350; x_wconf 88' lang='lat' dir='ltr'><strong>sit.</strong></span> <span class='ocrx_word' id='word_1_318' title='bbox 2052 4280 2405 4349; x_wconf 72' lang='lat' dir='ltr'><strong>Exiet-nam</strong></span> <span class='ocrx_word' id='word_1_319' title='bbox 2432 4282 2684 4346; x_wconf 75' lang='lat' dir='ltr'><strong>tantum</strong></span> 
     </span>
     <span class='ocr_line' id='line_1_37' title="bbox 501 4389 2687 4483; baseline -0.006 -16"><span class='ocrx_word' id='word_1_320' title='bbox 501 4398 772 4483; x_wconf 82' lang='lat' dir='ltr'><strong>speciem</strong></span> <span class='ocrx_word' id='word_1_321' title='bbox 813 4396 920 4480; x_wconf 92' lang='lat' dir='ltr'><strong>qui</strong></span> <span class='ocrx_word' id='word_1_322' title='bbox 959 4395 1319 4480; x_wconf 85' lang='lat' dir='ltr'><strong>inspexerit,</strong></span> <span class='ocrx_word' id='word_1_323' title='bbox 1363 4393 1461 4461; x_wconf 87' lang='lat' dir='ltr'><strong>his</strong></span> <span class='ocrx_word' id='word_1_324' title='bbox 1510 4392 1753 4460; x_wconf 86' lang='lat' dir='ltr'><strong>duobus</strong></span> <span class='ocrx_word' id='word_1_325' title='bbox 1794 4392 2067 4461; x_wconf 78' lang='lat' dir='ltr'><strong>fortasse</strong></span> <span class='ocrx_word' id='word_1_326' title='bbox 2114 4389 2561 4459; x_wconf 86' lang='lat' dir='ltr'><strong>adnumerabit</strong></span> <span class='ocrx_word' id='word_1_327' title='bbox 2586 4406 2687 4472; x_wconf 83' lang='lat' dir='ltr'><strong>ep.</strong></span> 
     </span>
    </p>
   </div>
  </div>
 </body>
</html>
