3009 5000
1532 389 1613 460 18

396 629 398 636 ·
463 607 601 652 mm
627 611 1048 671 proavorumq.
1089 597 1242 656 ser'ie
1283 607 1378 672 ep.
1426 591 1524 670 76,
1570 593 1664 656 12.
1712 613 1821 657 avo
1856 615 2134 672 procwoq.
2186 591 2249 658 d.
2280 591 2338 658 b.
2368 591 2459 658 IV
2480 593 2580 671 31,
2605 593 2664 656 2.

465 705 704 774 nepotes
742 692 1145 779 pronepotesq.
1189 699 1254 764 d.
1298 700 1357 765 b.
1400 699 1487 763 IV
1532 702 1634 781 32,
1684 701 1738 765 1.
1780 701 1861 765 di.
1908 699 1998 766 VI
2045 702 2152 779 11‚·
2184 702 2240 767 5.
2284 700 2366 767 di.
2410 699 2533 766 XII
2565 700 2667 775 18,

465 804 527 868 9.
613 804 852 873 Sensus
897 809 1152 874 notione
1215 811 1622 875 continentur
1676 816 1853 876 odore
1908 819 2143 890 θυείας.
2203 809 2285 874 di.
2342 809 2395 873 V
2457 809 2553 887 10,
2598 811 2658 873 3.

463 931 524 979 n.
571 931 632 994 q.
675 913 774 979 III
817 916 916 996 24,
964 917 1022 983 4.
1061 927 1302 997 ,qustum
1343 927 1617 1000 tactumq.
1663 918 1746 983 di.
1790 917 1884 983 IX
1928 917 1987 996 4,
2035 919 2091 983 ¹7.
2136 919 2269 984 visu
2312 927 2528 998 ταυτας.
2572 916 2657 981 di.

463 1021 551 1085 VI
596 1021 694 1102 12,
741 1025 798 1088 2.
887 1023 1259 1106 congruunt
1314 1027 1378 1092 in
1423 1046 1496 1122 eo
1550 1027 1717 1110 quod
1774 1032 1927 1094 sunt
1968 1026 2082 1108 pili
2120 1032 2305 1093 barba
2353 1031 2664 1106 capillaco.
2788 1108 2793 1120 Ι

463 1131 544 1196 di.
589 1130 679 1197 XI
726 1133 821 1212 17,
869 1132 928 1198 5.
973 1139 1160 1200 barba
1198 1143 1390 1216 cam‘q,
1448 1155 1506 1200 n.
1554 1155 1613 1218 q.
1659 1135 1755 1200 111
1797 1136 1897 1216 29,
1946 1137 2004 1202 3.
2099 1135 2382 1202 Tertium
2451 1151 2662 1199 exem-

463 1241 639 1322 plum
686 1241 1004 1325 Madvigio
1046 1243 1365 1325 debemuS,
1429 1247 1536 1325 qui
1582 1264 1681 1326 ep.
1734 1245 1835 1326 92,
1881 1247 1964 1310 34
2019 1261 2281 1328 pravam
2325 1243 2659 1309 lectionem

464 1371 535 1414 ex
609 1356 798 1416 barba
862 1358 1217 1433 capillosque
1269 1363 1437 1418 tonsa
1498 1357 1588 1419 ita
1640 1354 1912 1421 correxit
1963 1377 2037 1420 ca·
2090 1359 2277 1420 barba
2338 1355 2667 1432 capilloque

462 1463 723 1524 detonsa.
811 1463 1054 1526 Aurum
1085 1464 1152 1526 et
1195 1473 1521 1547 amentum,
1567 1481 1729 1545 quae
1772 1470 2100 1544 tamquam
2124 1478 2439 1529 summam
2467 1460 2661 1527 bono-

459 1584 602 1632 rum
665 1573 1074 1634 externorum
1130 1568 1474 1636 identidem
1532 1571 2053 1652 complectuntur,
2116 1588 2464 1651 numquam
2532 1587 2662 1634 me-

459 1678 610 1742 mini
652 1695 754 1744 me
797 1697 910 1762 per
949 1687 1122 1759 atque
1165 1679 1392 1761 legisse
1433 1679 1781 1757 coniuncta,
1828 1698 1941 1762 per
1988 1690 2043 1746 et
2094 1683 2351 1746 exstant
2390 1679 2451 1744 d.
2497 1678 2557 1745 b.
2600 1677 2660 1744 V

383 1820 391 1840 ·
458 1787 518 1867 6,
565 1787 625 1850 2.
671 1787 732 1852 d.
777 1786 836 1852 b.
885 1787 1006 1853 VII
1050 1789 1148 1868 10,
1195 1791 1252 1853 2.

659 1897 714 1960 Α
758 1897 1004 1962 ratione
1049 1897 1276 1962 horum
1320 1896 1775 1980 exemplorum,
1811 1898 1876 1962 in
1919 1896 2150 1978 quibus
2196 1915 2361 1978 quae
2404 1911 2663 1978 compo-

459 2001 774 2067 nebantur
821 2003 1109 2070 notiones
1149 2016 1349 2084 aeque
1368 2004 1718 2085 participes
1746 2009 1929 2069 erant
1958 2003 2143 2070 unius
2170 2005 2449 2070 notionis
2474 2011 2665 2071 extra

458 2127 567 2176 eas
616 2128 935 2194 supraque
997 2131 1106 2178 eas
1173 2113 1434 2196 positae,
1491 2112 1721 2178 diversi
1776 2118 1927 2180 sunt
1976 2113 2030 2178 ei
2085 2113 2207 2177 loci
2252 2111 2355 2177 ubi
2400 2130 2657 2195 compo-

456 2229 701 2284 nuntur
742 2238 907 2304 quae
953 2223 1034 2286 ad
1075 2241 1212 2288 rem
1269 2220 1549 2304 aliquam
1605 2221 1790 2301 plene
1832 2220 2305 2288 describendam
2360 2228 2510 2304 apta
2553 2223 2657 2287 vel

459 2329 819 2394 necessaria
863 2332 1030 2395 sunt.
1139 2329 1242 2396 Sic
1287 2349 1384 2412 ep.
1430 2332 1531 2408 88,
1578 2332 1659 2394 26
1706 2330 1816 2395 ubi
1857 2331 2051 2395 verba
2093 2327 2247 2396 facit
2288 2328 2528 2401 Seneca
2574 2331 2659 2396 de

455 2436 659 2506 officio
705 2444 1070 2522 geometrae
1131 2439 1298 2521 quod
1352 2440 1629 2523 positum
1687 2444 1785 2506 est
1826 2440 1891 2504 in
1932 2455 2193 2507 numero
2248 2444 2313 2504 et
2356 2454 2656 2507 mensura

452 2564 688 2625 rerum,
731 2550 904 2615 recte
948 2549 1114 2613 hunc
1157 2549 1218 2613 in
1253 2549 1506 2615 modum
1553 2549 1833 2630 loquitur
1876 2555 2119 2629 sapiens
2156 2571 2366 2615 causas
2404 2560 2655 2617 natura-

452 2662 599 2723 liwm
633 2667 689 2723 et
729 2664 962 2739 quaerit
1005 2668 1062 2723 et
1085 2665 1259 2738 novit,
1301 2682 1553 2738 quorwm
1591 2680 1871 2724 numeros
1894 2680 2310 2737 mensurasque
2332 2668 2657 2739 qeometres

447 2772 830 2846 persequitur
871 2776 926 2831 et
963 2772 1256 2845 subputat.
1364 2766 1525 2831 Item
1569 2784 1667 2847 ep.
1712 2767 1811 2845 80,
1858 2768 1896 2829 2
1940 2788 2118 2846 quam
2158 2772 2413 2831 inbecilli
2454 2775 2653 2834 animo

453 2882 591 2955 sint,
637 2898 886 2956 quorum
946 2880 1192 2941 lacertos
1231 2898 1572 2955 umerosque
1624 2882 1931 2950 miramur,
1968 2874 2129 2941 bene
2171 2874 2363 2941 verba
2410 2880 2657 2942 homos

453 2988 520 3048 et
561 3006 810 3062 umeros,
857 3000 1022 3064 quae
1063 2984 1292 3048 virium
1349 2990 1545 3064 atque
1593 2982 1843 3050 roburis
1882 2984 2265 3049 documenta
2316 2990 2485 3061 sunt,
2538 3004 2655 3067 per

452 3114 560 3172 que
601 3092 1022 3176 conliguntur.
1112 3092 1252 3157 Vini
1293 3094 1569 3174 pretium
1614 3093 1980 3159 aestimanti
2034 3094 2201 3158 duae
2253 3093 2651 3174 potissimum

450 3218 552 3267 res
597 3200 938 3267 intuendae
983 3204 1152 3279 sunt,
1197 3206 1264 3266 et
1309 3200 1487 3265 cuius
1530 3200 1679 3265 anni
1728 3205 1799 3299 μ
1836 3201 2017 3266 cuius
2038 3200 2312 3283 regionis
2340 3202 2445 3267 sit.
2518 3201 2652 3266 Me·-

450 3308 572 3374 rito
613 3326 769 3392 ergo
811 3308 928 3375 has
972 3311 1260 3376 notiones
1301 3314 1440 3374 arte
1485 3310 1815 3375 coniunxit
1854 3309 2121 3391 scriptor
2158 3309 2258 3375 his
2300 3308 2511 3375 verbis
2562 3318 2647 3373 tot

449 3422 752 3483 consulum
789 3424 1203 3499 reqiomomque
1241 3424 1383 3483 vina
1423 3436 1523 3501 ep.
1571 3418 1709 3496 114,
1752 3418 1854 3483 26.

650 3526 938 3609 Denique
979 3526 1126 3593 huic
1179 3527 1393 3608 generi
1448 3527 1909 3609 subiungamus
1953 3526 2257 3610 exempla,
2312 3526 2381 3591 in
2424 3525 2651 3607 quibus

451 3652 554 3701 res
599 3634 932 3715 copulatae
972 3637 1243 3700 naturae
1287 3634 1565 3714 quadam
1608 3634 1969 3700 condicione
2012 3639 2085 3699 ut
2146 3634 2238 3699 ita
2278 3631 2486 3699 dicam
2550 3650 2653 3699 co-

451 3746 686 3827 gnatae
713 3748 879 3823 sunt,
927 3743 1122 3809 veluti
1144 3750 1340 3809 lemen
1377 3750 1599 3824 calm-q.
1640 3762 1700 3811 n.
1724 3760 1783 3823 q.
1809 3742 1873 3809 11
1917 3743 2016 3825 10,
2063 3743 2119 3807 1.
2168 3750 2493 3809 tonitruum
2530 3747 2649 3819 ful-

319 3847 322 3849 ’
447 3860 666 3933 minaq.
714 3870 776 3917 n.
821 3871 880 3937 q.
924 3852 990 3918 11
1029 3853 1130 3933 30,
1176 3853 1233 3918 3.
1279 3858 1525 3918 bawaria
1556 3860 1863 3933 semeitica.
1908 3852 1991 3917 di.
2035 3851 2134 3916 III
2181 3852 2279 3929 11,
2322 3851 2381 3914 6.
2482 3850 2647 3919 Huic

451 3978 718 4028 numero
760 3962 899 4027 iure
941 3960 1216 4029 fortasse
1260 3961 1612 4029 adscribam
1656 3979 1753 4042 ep.
1806 3960 1945 4041 109,
1990 3962 2049 4027 7.
2136 3958 2261 4025 Sed
2289 3960 2439 4039 quia
2468 3963 2647 4025 totus

450 4069 628 4139 locus
675 4072 855 4154 gravi
898 4071 1116 4137 morbo
1157 4070 1425 4151 laborat,
1471 4070 1677 4137 fusius
1720 4088 1867 4135 eum
1913 4074 2191 4136 tractare
2216 4069 2421 4134 liceat.
2502 4068 2643 4133 Dis-

447 4184 636 4262 putat
677 4180 916 4247 Seneca
957 4181 1076 4246 hac
1109 4180 1384 4262 epistula
1425 4196 1506 4244 ea
1550 4177 1629 4243 de
1673 4178 2039 4257 quaestione
2064 4194 2217 4244 num
2257 4176 2509 4257 sapiens
2538 4194 2645 4243 sa·-

447 4290 642 4372 pienti
684 4290 984 4371 prodesse
1025 4289 1244 4370 possit,
1291 4288 1460 4369 quod
1505 4291 1700 4366 negat
1738 4286 2005 4367 scriptor
2044 4284 2257 4351 dicens
2288 4283 2642 4364 sapientem

451 4400 742 4465 adiuvari
808 4416 931 4465 non
975 4398 1198 4463 alienis
1254 4396 1367 4463 sed
1417 4396 1550 4464 suis
1601 4395 1797 4475 ipsius
1848 4395 2105 4461 viribus.
2208 4392 2373 4459 Huic
2426 4397 2639 4459 autem
