3009 5000
1410 373 1499 446 ’39

366 587 577 644 nimios
615 549 1058 658 compescerent:
1105 583 1200 648 cui
1245 581 1533 662 exemplo
1572 582 1881 662 adiungas
1924 601 2022 662 ep.
2066 583 2163 660 76,
2212 583 2308 647 10.
2336 600 2433 666 ep.
2462 585 2564 664 85,
2670 651 2673 654 ,

369 691 470 754 20.
521 707 616 770 ep.
665 691 763 769 98,
810 693 868 756 3.
915 689 996 754 di.
1041 691 1076 754 Ι
1117 693 1170 770 1,
1216 693 1273 756 4.
1321 691 1402 756 di.
1448 689 1541 756 XI
1587 691 1685 772 15,
1734 677 1914 756 lydi.
1961 689 2055 754 XI
2100 689 2199 770 18,
2253 692 2306 756 1.

565 801 960 868 Pronominis
1002 809 1095 896 hta
1139 821 1332 868 unum
1373 807 1635 868 tantum
1669 803 2025 884 exemplum
2070 776 2566 884 deprehenditur

369 909 452 975 di.
496 911 550 973 V
595 912 694 990 34,
746 913 778 976 1
825 919 1158 992 horumque.
1265 913 1430 977 Nam
1488 912 1657 992 quod
1720 911 1990 977 alterum
2046 911 2193 975 olim
2236 909 2570 992 legebatur

364 1027 566 1100 hisque
628 1039 690 1084 n.
735 1040 793 1103 q.
846 1023 936 1086 IV
981 1025 1038 1106 2,
1101 1024 1180 1086 29
1242 1022 1520 1087 correxit
1572 1020 1923 1102 Madvigius
1980 1019 2208 1086 codicis
2262 1019 2317 1084 E
2374 1021 2565 1102 scrip-

367 1132 580 1194 turam
619 1139 774 1210 quod
813 1137 932 1196 nisi
972 1138 1120 1210 facit
1159 1137 1254 1196 his
1277 1164 1356 1177 ——
1385 1137 1735 1196 redderetur
1783 1130 1876 1195 ita
1916 1129 2221 1194 mutando
2259 1135 2413 1208 quod
2448 1136 2569 1194 nisi

363 1244 540 1315 facile
581 1246 674 1304 his
714 1245 1076 1311 redderetur.

566 1346 725 1413 Cum
769 1351 1136 1430 pronomine
1188 1350 1450 1416 relativo
1504 1367 1697 1433 saepe
1746 1348 2084 1432 copulatur
2126 1371 2251 1429 que.
2356 1345 2567 1412 Multo

369 1463 584 1525 tamen
627 1461 828 1525 maior
871 1466 968 1526 est
1032 1479 1333 1526 numerus
1377 1460 1810 1541 exemplorum
1874 1459 1981 1523 ubi
2024 1459 2363 1539 repetitum
2418 1473 2564 1538 pro-

365 1587 593 1633 nomen
638 1569 1005 1650 adiungitur
1046 1587 1162 1652 per
1205 1593 1330 1650 que.
1419 1569 1584 1634 Nam
1627 1569 1901 1648 simplex
1944 1578 2289 1648 pronomen
2329 1566 2565 1648 legitur

366 1681 617 1742 tantum
677 1681 787 1758 'ep.
851 1677 950 1754 90,
1005 1679 1064 1741 4.
1141 1695 1238 1758 ep.
1276 1677 1376 1754 90,
1426 1678 1523 1742 17.-
1589 1695 1687 1756 ep.
1730 1677 1829 1755 95,
1873 1677 1976 1740 43.
2043 1674 2123 1740 di.
2167 1675 2232 1738 II
2276 1675 2337 1756 9,
2378 1675 2436 1738 2.
2480 1673 2561 1738 di.

371 1785 462 1850 IV
509 1787 608 1863 23,
645 1787 696 1850 1.
749 1804 806 1849 n.
857 1803 916 1865 q.
961 1785 1197 1868 III.pr.
1247 1785 1305 1850 5.
1392 1786 1691 1850 iteratum
1754 1789 1968 1850 autem
2032 1801 2125 1866 ep.
2182 1783 2280 1861 71,
2326 1782 2419 1846 15.
2464 1801 2561 1864 ep.

321 1919 330 1924 ·
372 1913 470 1976 ep.
515 1896 614 1972 82,
665 1895 760 1959 14.
807 1913 902 1974 ep.
945 1896 1044 1977 90,
1091 1896 1188 1959 24.
1237 1913 1330 1976 ep,
1381 1896 1520 1971 104,-
1575 1891 1673 1958 11.
1712 1912 1811 1973 ep.
1863 1894 1999 1976 109,
2047 1894 2141 1957 16.
2183 1910 2282 1974 ep.
2331 1891 2471 1967 113,
2502 1891 2563 1954 3.

371 2023 469 2085 ep.
520 2004 659 2082 124,
722 2005 782 2068 3.
853 2003 910 2066 d.
971 2003 1030 2069 b.
1073 2003 1162 2068 IV
1211 1993 1266 2082 1,
1313 2007 1369 2068 2.
1434 2003 1491 2067 d.
1545 2004 1603 2089 b.
1650 2003 1845 2080 V·15,
1888 2003 1946 2066 5.
2014 2001 2073 2066 (1.
2122 2001 2181 2078 b.
2221 1998 2313 2065 VI
2355 2001 2456 2078 23,
2502 2000 2561 2064 8.

370 2112 427 2177 (1.
471 2113 546 2176 cl.
589 2113 621 2176 I
649 2113 702 2191 1,
728 2114 786 2176 2.
824 2113 884 2177 (1.
927 2113 1002 2177 (31.
1046 2114 1078 2177 Ι
1107 2113 1179 2191 .1,
1224 2113 1282 2175 6.
1330 2113 1388 2177 (1.
1425 2110 1503 2177 (31.
1544 2111 1575 2175 I
1602 2112 1698 2187 18,
1749 2110 1909 2174 1.'d.
1954 2110 2030 2175 cl.
2072 2109 2137 2174 II
2187 2110 2243 2188 1,
2292 2110 2351 2172 3.
2399 2106 2566 2190 di.‚V

374 2222 430 2298 7,
477 2222 534 2284 2.
581 2218 662 2284 di.
707 2220 796 2285 VI
846 2221 942 2299 15,
988 2222 1047 2283 2.
1095 2238 1154 2285 n.
1201 2245 1258 2301 q.
1303 2218 1391 2283 vi
1439 2220 1494 2297 1,
1545 2202 1641 2283 10.
1682 2237 1740 2282 n.
1790 2235 1849 2298 q.
1901 2218 1986 2282 VI
2030 2199 2128 2296 27,
2175 2219 2235 2281 3.
2478 2293 2482 2296 ,

569 2329 782 2409 Atque
811 2330 1128 2393 interdum
1171 2329 1238 2393 in
1275 2329 1435 2394 tales
1455 2327 1693 2394 formas
1724 2327 1957 2393 incides
2000 2345 2159 2409 quas
2198 2325 2561 2405 Draegerus

371 2457 431 2521 p.
469 2440 554 2504 34
594 2437 1052 2520 reprehendere
1081 2439 1348 2517 videtur,
1394 2436 1543 2519 quia
1572 2443 1830 2519 propter
1873 2434 2343 2501 similitudinem
2396 2435 2566 2500 inter

374 2568 482 2613 eas
528 2554 592 2613 et
636 2550 792 2615 alias
835 2548 1070 2614 formas
1133 2548 1605 2630 pronominales
1648 2545 2136 2612 intercedentem
2178 2545 2241 2608 in
2282 2562 2563 2610 errorem

371 2654 686 2721 abducant
730 2656 1064 2737 legentem,
1121 2665 1328 2736 quiqam
1383 2656 1520 2721 dico
1582 2652 1707 2735 (ep.
1752 2654 1854 2733 90,
1900 2652 1967 2734 4)
2028 2659 2094 2718 et
2135 2676 2393 2734 quaeque
2436 2652 2562 2735 (ep.

373 2765 474 2843 95,
518 2765 618 2830 43.
665 2765 747 2830 di.
794 2766 858 2829 II
915 2767 972 2843 9,
1020 2767 1104 2841 2).
1185 2761 1369 2841 Q'uae
1427 2768 1641 2827 tamen
1698 2764 1954 2827 errandi
2010 2762 2255 2828 occasio
2307 2761 2566 2826 minima

373 2879 565 2964 atque
609 2874 768 2939 adeo
806 2872 980 2937 nulla
1015 2879 1111 2939 est
1139 2873 1357 2939 eadem
1406 2877 1521 2936 aut
1562 2870 1689 2937 alia
1719 2872 2109 2953 pronominis
2139 2869 2345 2936 forma
2386 2888 2563 2951 prae-

357 2982 568 3046 -missa
609 3001 725 3047 nec
775 2980 1078 3047 Senecam
1129 2982 1247 3047 hoc
1287 2982 1635 3063 periculum
1693 2979 1933 3061 fugisse
1988 2980 2283 3061 exempla
2342 2980 2567 3045 docent

379 3098 884 3171 quibus-quaeque.
929 3092 988 3154 d.
1034 3092 1164 3156 (31.1
1190 3092 1244 3169 1,
1295 3092 1352 3156 6.
1383 3112 1815 3171 quae-quaeque
1844 3108 1939 3171 ep.
1976 3090 2072 3167 71,
2126 3090 2223 3153 15.
2273 3106 2367 3168 ep.
2427 3089 2567 3168 113,

373 3204 431 3265 3.
477 3208 810 3289 qui-quique
831 3220 891 3267 n.
917 3218 975 3281 q.
1001 3200 1089 3266 VI
1121 3202 1174 3281 1,
1204 3203 1300 3268 10.
1325 3220 1386 3265 n.
1419 3220 1477 3281 q.
1512 3200 1600 3265 VI
1633 3200 1731 3278 27,
1769 3202 1827 3264 3.
1853 3219 2569 3279 quae-quaeque·quaeque

374 3309 433 3374 d.
477 3309 551 3373 cl.
589 3308 653 3373 II
701 3310 756 3385 1,
804 3311 862 3373 3.
950 3310 1251 3373 Attamen
1295 3317 1498 3389 cuique
1542 3326 1667 3373 non
1712 3307 1970 3373 memini
2013 3325 2114 3370 me
2156 3306 2401 3390 legisse.

569 3416 840 3483 Gravius
909 3423 1122 3482 autem
1189 3423 1288 3483 est
1349 3422 1961 3497 (10201010,“(1(1·11111
2009 3418 2349 3497 repetitum
2415 3431 2565 3495 pro-

371 3544 598 3592 nomen
643 3528 720 3590 ad
767 3527 1028 3592 eandem
1074 3544 1410 3608 personam
1441 3526 1556 3591 ‘vel
1589 3544 1721 3591 rem
1766 3544 1847 3591 an
1895 3526 1975 3590 ad
2020 3524 2211 3589 aliam
2252 3508 2568 3603 respiciat.

289 3673 296 3679 -
375 3634 459 3699 Et
488 3634 860 3713 plerumque
885 3633 1135 3713 quidem
1163 3634 1314 3697 illud
1356 3633 1445 3713 fit,
1488 3633 1607 3698 hoc
1646 3632 1704 3697 d.
1746 3633 1821 3698 cl.
1862 3633 1990 3710 I-1,
2038 3634 2093 3695 2.
2118 3639 2184 3697 in
2219 3656 2349 3697 mea
2390 3654 2572 3697 manu

360 3750 624 3824 positum
667 3752 752 3807 est
754 3790 886 3808 .......
942 3767 1084 3823 quos
1136 3766 1302 3823 reyes
1344 3748 1641 3821 mancipia
1677 3748 1813 3820 fieri
1855 3762 2213 3823 quorwmque
2259 3748 2439 3820 capiti
2476 3764 2569 3806 re·

367 3860 534 3934 yiwm
573 3858 928 3917 circumdari
965 3858 1140 3917 decus
1186 3862 1452 3931 oporteat
1491 3857 1557 3917 et
1602 3870 1697 3932 ep.
1749 3853 1847 3931 71,
1888 3853 1965 3916 15
2012 3874 2208 3916 omnes
2226 3900 2242 3927 ‚
2282 3874 2430 3931 quae
2474 3873 2569 3915 us-

373 3986 548 4052 quam
606 3984 804 4025 rerum
865 3968 1176 4039 potiuntur
1237 3967 1414 4025 urbes
1478 3982 1737 4039 quaeque
1799 3966 2129 4025 abienorum
2190 3966 2569 4038 emper-iorum

373 4094 588 4150 magma
627 4080 786 4133 sunt·
808 4076 1034 4134 deeora.

575 4178 896 4256 Quattuor
924 4180 1194 4258 denique
1231 4178 1538 4259 geminati
1582 4177 1972 4260 pronominis
2003 4156 2293 4258 exempla
2322 4177 2573 4240 restant

375 4289 643 4371 insignia
705 4288 1028 4353 rarissima
1066 4287 1472 4368 responsione
1530 4287 1877 4368 particulae
1918 4309 2057 4367 que:
2121 4308 2377 4366 quaeque
2430 4290 2571 4363 feeit

373 4420 630 4479 quaeque
665 4404 938 4475 facturus
977 4407 1060 4463 est
1101 4396 1158 4462 d.
1205 4397 1280 4465 cl.
1325 4398 1356 4462 I
1404 4399 1501 4481 13,
1550 4399 1608 4463 3.
1680 4401 1783 4462 ille
1827 4404 2088 4475 venator,
2144 4401 2359 4477 quique
2398 4399 2568 4459 insti·
