3009 5000
1519 343 1601 408 40

450 542 564 600 tuit
611 542 858 601 catulos·
880 544 1128 618 vestiyia
1169 550 1333 620 sequi
1373 550 1585 624 quique
1624 550 1745 609 iam
1791 550 2121 610 exercitatis
2169 552 2362 610 utitur
2407 544 2465 609 d.
2513 546 2587 610 cl.
2633 545 2671 609 Ι

456 643 554 721 16,
600 643 659 708 5.
712 667 878 711 omne
921 651 1242 713 humanum
1279 673 1484 734 yeme,
1526 659 1790 732 quodque
1832 663 1917 718 est
1956 661 2219 734 quodque
2260 661 2374 719 erit
2415 671 2514 736 ep.
2564 655 2671 732 71,

458 751 554 815 15.
599 758 878 830 bominac,
909 761 1121 836 quique
1161 768 1298 822 sunt
1326 766 1537 840 quique
1583 770 1772 838 erunt,
1822 761 1902 826 di.
1949 761 2101 826 VIII
2141 763 2201 844 6,
2229 763 2289 826 4.
2357 761 2671 839 Quintum

450 877 644 941 porro
705 863 1068 944 exemplum
1111 863 1384 933 Senecae
1441 869 1669 934 tribuit
1708 867 2005 936 Gertzius
2072 870 2129 935 d.
2178 870 2255 935 cl.
2318 870 2382 934 II
2441 872 2497 948 1,
2544 873 2584 935 3
2630 889 2670 934 e

451 968 770 1049 scriptura
799 971 1028 1038 codicis
1052 972 1111 1036 N
1137 985 1388 1056 qentesq.
1430 981 1495 1042 et
1536 977 1797 1060 volgata
1831 988 2025 1059 qentes
2067 1001 2216 1058 quae
2254 977 2501 1060 fingens
2525 962 2671 1059 yea-

451 1086 536 1142 tes
576 1101 835 1160 quaeque
875 1097 976 1146 me
1019 1099 1142 1147 non
1190 1084 1518 1168 probante,
1557 1086 1705 1165 quia
1744 1089 1997 1168 praeter
2037 1087 2479 1153 necessitatem
2523 1091 2667 1154 tam

451 1204 638 1251 rarae
682 1187 977 1254 dictionis
1021 1193 1383 1274 exemplum
1421 1193 1716 1274 scriptori
1758 1194 1995 1260 inferre
2036 1213 2162 1260 non
2205 1193 2525 1261 debemus

654 1294 1134 1378 Componuntur
1176 1299 1496 1366 interdum
1536 1303 1905 1383 pronomina
1949 1302 2027 1368 ad
2060 1303 2434 1385 qualitatem
2481 1319 2667 1384 spec-

458 1403 668 1469 tantia
711 1405 890 1470 velut
937 1415 1022 1471 tot
1061 1412 1127 1472 et
1169 1415 1326 1485 talis,
1382 1427 1550 1489 quae
1592 1411 1729 1492 ipsa
1776 1412 1881 1476 ubi
1924 1429 2039 1492 per
2080 1435 2151 1477 ac
2194 1412 2531 1478 coniuncta
2574 1411 2671 1476 le-

454 1517 758 1594 gerentur
806 1513 932 1578 iam
975 1515 1408 1584 indicavimus.
1498 1517 1833 1585 Addantur
1877 1539 1951 1584 ea
1992 1520 2285 1602 exempla
2326 1520 2391 1584 in
2434 1519 2671 1605 quibus

440 1647 564 1705 que
609 1623 887 1706 positum
917 1626 1048 1689 est:
1095 1634 1179 1690 tot
1224 1635 1573 1707 tantorumq.
1605 1634 2006 1706 beneficiorum
2048 1628 2113 1697 (1.
2150 1629 2209 1694 b.
2254 1628 2449 1708 1129,
2496 1632 2537 1695 3
2578 1638 2671 1695 tot

457 1743 706 1814 tantosq.
754 1739 944 1798 luctus
987 1732 1069 1800 di.
1118 1735 1207 1798 XI
1258 1736 1356 1814 15,
1403 1738 1460 1800 3.
1525 1743 1668 1816 quid
1709 1745 1830 1802 sint
1869 1744 1935 1803 di
1974 1745 2230 1818 qmzesq.
2270 1757 2366 1820 ep.
2409 1740 2511 1819 90,
2558 1740 2667 1806 28.

458 1848 602 1922 quid
640 1851 720 1908 sit
757 1849 1060 1908 clementia
1101 1850 1346 1924 qualisq.
1393 1845 1453 1910 d.
1493 1845 1568 1909 cl.
1617 1844 1683 1909 Π
1724 1849 1783 1930 3,
1828 1848 1880 1911 1.
1953 1852 2149 1926 qualis
2188 1855 2497 1928 quantu-sq.
2558 1865 2667 1930 ep.

454 1951 553 2028 76,
596 1953 696 2017 32.
765 1970 862 2033 ep.
912 1952 1012 2030 93,
1056 1953 1116 2017 8.
1183 1959 1392 2034 quanti
1433 1960 1692 2035 qualesq.
1739 1974 1802 2021 n.
1846 1972 1905 2035 q.
1949 1954 2072 2021 VII
2118 1957 2219 2035 25,
2269 1957 2328 2020 7.

1417 2179 1441 2206 x
1513 2153 1617 2221 VI.

651 2281 1235 2367 Praepositionibus
1296 2303 1441 2350 raro
1501 2285 1741 2352 Seneca
1802 2287 1997 2353 adicit
2044 2313 2153 2370 que
2214 2294 2280 2354 et
2321 2299 2499 2370 atque
2540 2287 2673 2371 (ac)

453 2391 805 2480 particulas
850 2398 1046 2475 atque
1089 2394 1208 2459 hoc
1248 2393 1415 2459 inter
1457 2413 1567 2459 eas
1609 2390 1765 2460 facit
1801 2393 2156 2472 discrimen,
2202 2402 2273 2460 ut
2311 2421 2421 2478 que
2462 2403 2672 2483 ponat

453 2507 520 2570 in
567 2504 694 2571 fine
754 2504 1227 2588 bisyllabarum‚
1292 2526 1362 2569 ac
1425 2508 1490 2569 et
1535 2512 1708 2583 atque
1752 2522 1877 2569 uno
1922 2512 2183 2587 excepto
2248 2507 2384 2573 loco
2440 2524 2669 2573 mono-

459 2614 726 2701 syllabis
779 2618 1152 2695 praeponat.
1260 2612 1357 2678 Ea
1402 2631 1549 2679 vero
1603 2613 1705 2678 lex
1769 2629 1933 2694 quae
1991 2613 2138 2680 olim
2192 2594 2674 2699 obserbabatur,

327 2755 337 2787 ·.
453 2726 527 2789 ut
569 2742 714 2788 cum
756 2720 1336 2802 praepositionibus
1369 2726 1506 2786 tum
1548 2722 1749 2787 solum
1778 2722 2263 2803 coniungeretur
2294 2747 2422 2804 que,
2474 2725 2526 2791 si
2566 2744 2669 2791 re-

458 2837 831 2913 peterentur
890 2850 964 2896 ac
1025 2831 1304 2911 plurium
1361 2829 1751 2911 syllabarum
1798 2834 2028 2911 essent,
2074 2851 2216 2897 cum
2263 2832 2391 2898 iam
2434 2834 2584 2901 inde
2623 2854 2668 2900 a

464 2940 624 3005 Livii
667 2940 1062 3021 temporibus
1094 2935 1342 3021 neglegi
1384 2944 1609 3021 coepta
1650 2944 1765 3019 est,
1810 2946 1946 3005 tum
1996 2961 2035 3005 a
2062 2939 2293 3007 Seneca
2336 2943 2430 3008 ita
2478 2962 2671 3026 repu-

455 3049 690 3130 diatur,
735 3054 808 3113 ut
854 3048 1164 3128 repetitae
1195 3048 1651 3130 praepositioni
1675 3048 1770 3113 bis
1812 3051 2063 3113 tantum
2092 3050 2421 3117 adnectat:
2446 3076 2665 3132 supra-

451 3180 750 3238 supraque
790 3174 886 3237 ep.
933 3158 1032 3239 80,
1082 3156 1139 3221 8.
1191 3162 1581 3236 inter-intem.
1630 3156 1691 3221 (1.
1736 3155 1810 3221 cl.
1857 3156 1920 3220 II
1966 3159 2025 3237 4,
2082 3160 2142 3237 4,
2194 3158 2382 3225 aliam
2442 3165 2663 3228 autem

459 3266 998 3349 praepositionem
1041 3264 1414 3345 praemittat
1457 3267 1586 3329 ter:
1644 3273 2072 3346 supra-circaq.
2128 3268 2184 3333 d.
2224 3267 2280 3334 b.
2330 3270 2419 3333 IV
2482 3272 2580 3351 19,
2626 3272 2669 3335 2

455 3380 520 3442 et
563 3376 646 3441 di.
695 3376 816 3439 VII
860 3377 960 3451 20,
1006 3375 1064 3437 5.
1113 3380 1417 3452 in-circaq.
1465 3391 1526 3437 n.
1571 3388 1633 3453 q.
1677 3372 1763 3437 IV
1820 3374 1874 3453 1,
1923 3375 1976 3439 1.
2066 3373 2411 3443 Praeterea
2455 3378 2655 3445 habes

451 3495 662 3564 interq.
711 3483 770 3547 d.
815 3483 872 3547 b.
918 3483 950 3546 I
999 3483 1052 3560 1,
1099 3482 1156 3544 9.
1203 3480 1281 3545 di.
1329 3480 1420 3547 VI
1465 3482 1565 3560 25,
1616 3484 1669 3547 1.
1715 3499 1811 3563 ep.
1857 3482 1957 3562 93,
2000 3483 2058 3548 8.
2100 3506 2345 3567 supraq.
2416 3503 2514 3569 ep.
2557 3488 2661 3568 95,

459 3596 554 3659 10.
598 3592 680 3660 (11.
728 3592 782 3651 V
825 3593 884 3670 6,
931 3592 988 3655 6.
1033 3599 1293 3671 contr-aq.
1345 3588 1404 3654 d.
1457 3589 1517 3655 b.
1574 3589 1661 3656 IV
1710 3592 1805 3670 18,
1863 3593 1917 3656 1.
1974 3615 2207 3674 superq.
2260 3612 2354 3677 ep.
2405 3597 2542 3675 115,
2598 3598 2660 3663 4.

655 3702 840 3767 Ultra
903 3700 1178 3784 primum
1240 3699 1550 3765 enuntiati
1618 3699 1878 3765 verbum
1928 3702 2262 3767 traiectum
2316 3708 2415 3769 est
2460 3706 2663 3771 semel

451 3816 704 3876 tantum
749 3811 938 3891 idque
986 3826 1060 3875 eo
1101 3810 1375 3889 consilio,
1413 3828 1501 3892 ,ne
1526 3808 1844 3891 legeretur
1867 3810 2282 3889 compositum
2307 3830 2449 3877 cum
2472 3831 2656 3895 prae-

452 3920 759 4002 positione
804 3917 1246 4003 monosyllaba
1287 3942 1360 3984 ex
1377 3923 1823 3998 mollissimoque
1849 3924 2011 3983 tabes
2056 3928 2142 3983 est
2185 3937 2243 3983 n.
2266 3938 2327 4001 q.
2350 3920 2440 3985 IV
2466 3924 2523 4001 2,
2556 3924 2661 3988 21.

655 4032 749 4093 Ac
807 4046 950 4095 cum
1017 4027 1356 4093 abhorreat
1417 4046 1456 4091 a
1501 4025 1824 4092 vocalibus
1886 4030 1951 4091 et
2018 4026 2448 4107 gutturalibus
2510 4048 2660 4095 raro

455 4140 825 4218 usurpatur,
871 4144 1022 4203 ante
1062 4156 1170 4205 eas
1222 4136 1527 4218 imprimis
1585 4136 2083 4217 praepositiones
2132 4153 2403 4215 quarum
2448 4139 2656 4218 prima

451 4245 672 4311 littera
716 4251 814 4311 est
845 4271 894 4325 p
937 4252 1052 4311 aut
1092 4270 1138 4311 ε.
1225 4244 1326 4311 Sic
1370 4268 1440 4309 ac
1487 4250 1615 4309 sine
1657 4235 1899 4325 ep.'40‚
1944 4246 2003 4311 8.
2046 4244 2129 4309 di.
2173 4245 2265 4309 IV
2313 4246 2410 4325 12,
2455 4248 2515 4311 4.
2562 4246 2648 4313 di.

452 4354 576 4421 ΧΠ
617 4356 676 4436 3,
723 4356 1036 4423 Laesae»
1087 4354 1168 4422 di.
1224 4354 1429 4433 1111,
1472 4355 1532 4419 3.
1588 4374 1805 4433 aoper
1860 4370 1961 4434 ep.
2005 4352 2105 4433 84,
2150 4354 2211 4419 3.
2253 4352 2435 4420 div
2482 4340 2541 4435 ἐ,
2584 4356 2645 4421 4.
