3009 5000
1307 381 1468 483 ‘35

345 613 404 678 d.
449 615 528 678 cl.
567 613 600 679 Ι
647 616 704 690 1,
747 615 808 679 9.
875 621 1197 696 lonyissimi
1235 621 1667 696 brevissimique
1712 623 1841 682 aevi
1890 617 1970 682 di.
2004 617 2097 683 VI
2138 620 2237 697 21,
2282 619 2340 684 3.
2408 617 2527 682 Ra-
2590 669 2593 672 Δ

335 723 582 788 rissima
625 723 676 789 si
720 743 846 789 non
887 725 1072 789 unica
1115 723 1465 789 coniunctio
1515 728 1612 790 est
1654 743 1819 806 quae
1864 726 2097 808 leg-itur
2138 728 2197 793 d.
2240 727 2299 793 b.
2343 727 2433 791 IV
2468 728 2525 806 7,

339 833 370 896 l
417 837 472 895 J
465 855 622 902 ovem
667 837 960 912 Optimum
1007 856 1076 898 ac
1117 838 1465 897 Mammam.

531 941 689 1004 Tum
735 958 984 1023 quoque
1027 941 1264 1005 maiore
1304 942 1364 1015 in
1412 959 1533 1006 usu
1563 946 1659 1006 est
1701 965 1770 1007 ac
1814 961 2003 1022 quam
2036 967 2161 1024 que,
2210 945 2260 1009 si
2303 945 2525 1026 supe'r-

329 1046 562 1112 lativus
603 1053 664 1112 et
692 1049 1000 1128 positivus
1030 1049 1296 1113 duorum
1326 1047 1787 1114 adiectivorum
1828 1051 2064 1132 gradus
2100 1053 2521 1134 coniungitur,

332 1161 406 1219 ut
436 1155 516 1220 fit
555 1174 652 1237 ep.
695 1157 796 1237 92,
843 1157 899 1223 7.
981 1156 1080 1236 94,
1126 1158 1226 1222 35.
1293 1158 1393 1237 94,
1435 1158 1535 1223 50.
1622 1158 1759 1238 117,
1810 1160 1909 1224 21.
1984 1160 2073 1226 di.
2114 1161 2179 1225 II
2220 1164 2278 1242 2,
2324 1163 2381 1242 1.
2445 1163 2524 1227 di.

331 1263 423 1329 VI
474 1265 570 1344 17,
615 1267 672 1330 3.
771 1263 858 1329 di.
913 1265 1034 1331 VII
1079 1266 1178 1341 10,
1223 1267 1278 1330 2.
1371 1265 1429 1331 d.
1486 1266 1545 1331 b.
1592 1267 1626 1331 Ι
1672 1267 1767 1345 14,
1812 1269 1865 1333 1.
1952 1278 2129 1348 atque
2182 1288 2280 1352 ep.
2329 1273 2429 1352 24,
2466 1273 2525 1336 6.

329 1381 433 1454 ep.
472 1375 572 1452 24,
617 1375 718 1438 25.
787 1393 924 1440 cum
969 1373 1068 1440 his
1115 1373 1325 1440 confer
1367 1374 1561 1440 etiam
1601 1383 1963 1456 serpentibus
2012 1401 2083 1443 ac
2122 1387 2523 1444 noxiosissim

327 1489 539 1562 cuique
577 1489 826 1548 animali
866 1483 926 1548 d.
969 1483 1044 1548 cl.
1094 1484 1127 1548 I
1169 1485 1268 1563 26,
1314 1486 1372 1548 3.
1449 1482 1657 1549 rarius
1685 1485 1751 1550 in
1780 1484 2141 1552 huiusmodi
2183 1488 2529 1555 enuntiatis

330 1597 432 1656 est
475 1615 611 1671 que:
656 1592 734 1656 di.
778 1592 846 1658 11
883 1593 944 1671 s,
989 1595 1047 1657 2.
1109 1591 1188 1658 ω’.
1241 1593 1336 1658 lx
1379 1593 1436 1674 7,
1483 1595 1545 1658 5.
1589 1611 1648 1658 ιι.
1692 1612 1749 1674 q.
1794 1593 1898 1661 111
1940 1597 2040 1675 28,
2086 1598 2144 1661 6.
2210 1615 2270 1662 n.
2315 1614 2375 1678 q.
2408 1597 2529 1664 vn
2626 1577 2630 1580 “

332 1701 434 1780 10,
471 1703 528 1766 3.
595 1719 690 1782 ep,
734 1701 834 1780 67,
879 1703 938 1766 6.
1009 1701 1080 1766 d.
1127 1701 1184 1766 b.
1233 1703 1286 1767 V
1339 1704 1436 1782 15,
1487 1704 1547 1768 2.
1632 1702 1757 1768 Ubi
1810 1722 1960 1770 vero
2017 1723 2137 1769 non
2194 1697 2525 1788 superlatiss

327 1829 556 1876 vorum
601 1829 718 1892 par
759 1811 1122 1890 conectitur,
1179 1811 1290 1898 sed
1345 1812 1517 1876 aliud
1576 1812 1878 1878 orationis
1937 1815 2289 1880 membrum
2336 1835 2375 1880 a
2417 1835 2521 1882 su-

325 1918 646 1998 perlativa
667 1906 976 1986 adiectivi'
1005 1919 1208 1984 forma
1251 1920 1489 2001 incipit,
1534 1918 1635 1985 hic
1682 1939 2067 2003 progressus
2116 1941 2241 2002 quo
2285 1922 2525 1991 firmior

323 2030 411 2096 sit
455 2036 788 2098 contextus
833 2031 1186 2110 verborum,
1231 2029 1306 2096 fit
1355 2053 1464 2110 que
1505 2031 1835 2112 particula,
1909 2033 2083 2098 velut
2126 2053 2222 2116 ep.
2286 2035 2383 2118 18,
2446 2035 2523 2098 12

328 2146 560 2220 aliquos
601 2133 727 2206 dies
767 2146 1016 2223 destina,
1061 2146 1272 2220 quibus
1309 2145 1547 2205 secedas
1597 2164 1637 2207 a
1680 2147 1797 2206 tuis
1846 2147 2016 2206 rebus
2068 2150 2412 2222 minimoque
2466 2152 2523 2208 te

325 2255 522 2326 facias
562 2255 936 2327 familiarem.
1023 2247 1264 2313 Similia
1322 2254 1472 2314 sunt
1515 2266 1611 2330 ep.
1657 2249 1757 2328 59,
1804 2249 1879 2314 8:
1925 2267 2021 2331 ep.
2072 2251 2209 2329 113,
2254 2251 2355 2329 30,
2441 2251 2523 2316 di.

329 2358 422 2422 IV
485 2359 544 2438 5,
612 2361 672 2423 3.
735 2359 818 2424 di.
866 2358 920 2423 V
963 2358 1066 2438 30,
1110 2358 1169 2422 5.
1229 2356 1289 2422 d.
1336 2357 1393 2421 b.
1452 2357 1537 2422 IV
1588 2357 1685 2436 13,
1736 2358 1790 2423 1.
1852 2358 1911 2422 (1.
1960 2356 2017 2423 b.
2067 2357 2187 2422 VII
2231 2360 2288 2437 2,
2332 2360 2391 2423 2.
2464 2357 2523 2425 d.

330 2467 390 2533 b.
421 2467 554 2535 'VII
599 2469 700 2550 20,
747 2469 806 2531 3.
865 2485 925 2532 n.
967 2485 1028 2547 q.
1068 2466 1134 2531 II
1177 2467 1234 2548 6,
1282 2468 1342 2531 2.
1403 2485 1464 2533 n.
1508 2483 1567 2547 q.
1612 2465 1722 2532 IV.
1764 2468 1823 2546 2,
1866 2467 1965 2531 21.
2265 2457 2271 2462 ’

531 2576 650 2641 His
693 2576 943 2659 adiungi
989 2578 1200 2657 placet
1241 2593 1404 2657 quae
1447 2576 1526 2641 de
1566 2576 2009 2641 coniunctione.
2043 2576 2311 2641 duorum
2360 2593 2521 2642 com-

331 2686 622 2768 parativo
650 2685 853 2768 gradu
896 2687 1246 2765 positorum
1272 2684 1727 2751 adiectivorum
1768 2685 2117 2750 observavi.
2206 2686 2294 2751 Ut
2344 2685 2521 2749 illum

333 2795 603 2878 gradum
643 2796 956 2876 particula
997 2818 1084 2873 ae,
1140 2794 1228 2861 sic
1285 2794 1448 2861 hunc
1501 2818 1613 2874 que
1668 2796 1765 2860 sui
1823 2794 1974 2860 iuris
2016 2793 2181 2860 feeit.
2286 2793 2527 2859 Deinde

336 2906 668 2971 raritatem
715 2930 783 2973 ao
830 2904 1182 2986 particulae
1225 2904 1280 2970 si
1324 2903 1601 2985 respicis,
1654 2903 1804 2969 licet
1844 2922 1921 2967 ea
1962 2904 2183 2969 eodem
2226 2902 2358 2970 fere
2403 2921 2525 2968 nu-

333 3033 510 3079 mero
571 3021 864 3081 occurrat
903 3014 968 3078 in
1008 3014 1436 3079 huiuscemodi
1483 3014 1829 3078 enuntiatis
1874 3030 1996 3093 quo
2036 3022 2107 3092 et,
2150 3017 2363 3077 tamen
2407 3030 2524 3092 pro

331 3124 619 3205 portione
673 3108 1166 3203 frequentiorem
1231 3140 1372 3187 eam
1437 3141 1577 3189 esse
1638 3122 1965 3189 dicendum
2024 3125 2141 3187 est.
2248 3120 2523 3187 Causam

333 3250 481 3298 vero
525 3234 580 3298 si
620 3232 980 3313 quaerimus
1030 3250 1144 3297 cur
1185 3254 1294 3311 que
1335 3232 1545 3312 potius
1586 3248 1779 3312 quam
1826 3240 1883 3296 et
1924 3236 1989 3295 et
2031 3252 2103 3295 ao
2143 3228 2259 3294 has
2289 3227 2523 3295 formas

335 3340 650 3420 adnectat,
698 3360 773 3407 ea
817 3359 954 3406 esse
999 3340 1268 3420 videtur,
1314 3328 1762 3420 quod'dulcior
1797 3339 1916 3405 hoc
1944 3339 2129 3404 modo
2174 3340 2367 3418 atque
2410 3356 2520 3402 au-

332 3449 509 3515 ribus
552 3448 792 3529 gratior
835 3447 1100 3513 efficitur
1144 3448 1456 3515 conclusio
1505 3447 1855 3513 verborum.
1980 3446 2284 3513 Omnibus
2329 3444 2522 3527 igitur

333 3560 716 3639 computatis
760 3556 911 3622 locis
956 3557 1306 3638 particulae
1345 3580 1454 3637 que
1498 3557 1579 3621 65
1623 3556 1815 3643 habes
1857 3554 2165 3637 exempla,
2210 3562 2265 3620 et
2307 3554 2406 3652 2¹7,
2451 3574 2519 3618 ae

335 3668 436 3747 24,
485 3677 659 3747 atque
702 3668 758 3732 2.

533 3775 690 3842 Cum
737 3775 1094 3843 discesseris
1139 3794 1178 3841 a
1219 3774 1659 3841 beneficiorum
1702 3773 1879 3839 libris
1918 3772 2023 3837 ubi
2072 3771 2377 3853 cuiusque
2416 3788 2521 3837 oo·

336 3884 524 3969 pulae
587 3902 886 3950 numerus
950 3882 1082 3949 fere
1148 3902 1267 3965 par
1325 3890 1446 3962 est,
1508 3900 1656 3947 nam
1719 3891 1775 3947 et
1812 3883 1873 3959 4,
1916 3903 2025 3961 qua
2066 3882 2123 3961 5,
2178 3903 2249 3948 ao
2288 3881 2329 3944 6
2369 3879 2521 3945 locis

337 3998 565 4075 exstat,
607 3993 672 4058 in
729 3992 988 4071 reliquis
1043 3991 1290 4073 scriptis
1343 3991 1531 4073 longe
1594 3991 1793 4055 maior
1835 3994 1933 4055 est
1982 3991 2161 4069 copia
2204 3987 2519 4069 exemplo·

336 4122 479 4169 rum
523 4126 632 4182 que
671 4100 1124 4167 exhibentium.
1231 4098 1364 4165 Hoc
1418 4106 1490 4166 ut
1542 4117 1667 4165 uno
1730 4100 1980 4179 quidem
2018 4100 2309 4180 exemplo
2354 4114 2515 4162 com·

339 4211 693 4293 probe-mue,
738 4228 1063 4276 sumamus
1105 4225 1260 4290 opus
1280 4207 1358 4273 de
1379 4207 1713 4275 clementia
1735 4208 2059 4289 scriptum,
2106 4207 2273 4289 quod
2298 4223 2519 4285 quam-

343 4338 534 4401 quam
577 4338 717 4384 cum
761 4318 936 4383 libris
989 4318 1066 4383 de
1110 4314 1421 4383 beneficiis
1471 4316 1701 4384 eodem.
1729 4316 1937 4381 codice
1980 4314 2331 4381 Nazariano
2376 4331 2517 4378 con-
