3009 5000
1449 386 1532 456 32

593 587 662 654 Si
700 588 810 671 qui
852 593 1042 656 erunt
1101 591 1212 670 qui
1247 595 1480 672 putent
1542 614 1611 658 ac
1649 591 1932 672 positum
1994 608 2135 658 esse
2194 607 2319 673 qno
2381 590 2592 674 magis

393 693 697 763 efferatur
751 698 850 763 vis
913 702 978 764 et
1021 700 1300 780 gravitas
1361 697 1719 780 verborum,
1786 705 2007 767 contra
2070 699 2197 766 dici
2265 703 2485 782 potest
2527 700 2593 765 in

391 811 574 887 parte
615 809 871 872 tantum
899 807 1330 890 exemplorum
1362 809 1667 874 maiorem
1711 811 1839 875 vim
1884 810 2210 892 adparere.
2298 808 2428 874 Nec
2472 809 2591 874 mi·-

391 931 512 980 nus
557 935 596 979 a
641 933 788 981 vero
831 916 1047 992 aberit,
1084 917 1136 980 is
1173 917 1281 997 qni
1335 935 1476 982 cum
1533 916 1874 984 identidem
1926 923 2267 999 utrumque
2329 916 2589 985 adiecti-

393 1041 541 1088 vnm
583 1024 664 1090 ab
705 1025 930 1110 eadem
973 1024 1194 1092 littera
1231 1048 1263 1090 s
1305 1025 1518 1092 videat
1565 1025 1856 1109 incipere,
1902 1025 2047 1093 inde
2074 1027 2140 1093 in
2182 1026 2285 1094 his
2326 1049 2399 1093 ac
2438 1043 2589 1109 par-

390 1133 623 1200 ticulae
683 1139 866 1214 petat
930 1152 1208 1200 causam.
1298 1134 1496 1200 Inane
1561 1134 1691 1200 tale
1754 1140 2177 1202 commentum
2239 1154 2385 1203 esse
2444 1135 2592 1201 cum

392 1241 532 1308 aliis
571 1246 712 1307 tum
753 1243 956 1310 tribus
1000 1241 1186 1307 huius
1229 1243 1427 1324 ipsius
1469 1243 1724 1310 litterae
1765 1267 1797 1310 s
1836 1245 2141 1325 exemplis
2182 1245 2593 1326 coarguitur3

392 1352 588 1419 habes
628 1353 800 1419 enim
853 1375 994 1433 que.-
1056 1359 1122 1417 in
1167 1359 1415 1418 tristitia
1453 1375 1823 1432 supervacua
1860 1359 2149 1435 stultaque
2190 1354 2273 1420 di.
2318 1353 2445 1419 XII
2490 1354 2591 1434 16,

394 1463 450 1528 7.
536 1468 861 1543 &lena-icus
897 1467 1270 1542 sordidisque
1311 1479 1409 1544 ep.
1451 1463 1555 1538 44,
1614 1462 1673 1528 5.
1759 1469 1883 1529 loca
1924 1471 2087 1529 aeria
2135 1473 2451 1544 sanctaque
2492 1480 2593 1545 ep.

392 1573 492 1651 51,
543 1572 639 1637 10.
743 1571 946 1636 Immo
1007 1587 1135 1636 non
1177 1571 1567 1652 geminatam
1614 1594 1661 1650 8,
1715 1573 1827 1638 sed
1880 1571 2223 1655 simplicem
2276 1573 2339 1637 in
2396 1589 2593 1638 causa

389 1695 532 1746 esse
573 1680 752 1763 copia
789 1679 1222 1761 exemplorum
1265 1679 1607 1748 verisimile
1647 1679 1738 1744 fit.
1828 1683 1915 1746 At
1954 1684 2027 1746 ut
2058 1679 2349 1747 videatur
2390 1697 2588 1762 quam

391 1805 620 1870 parum
661 1793 960 1856 constans
1018 1788 1139 1854 sibi
1183 1784 1269 1854 ait
1320 1792 1563 1867 auctor,
1625 1806 1662 1854 e
1715 1790 2031 1854 contraria
2077 1795 2261 1871 parte
2301 1789 2595 1856 adfertur

389 1896 766 1963 adiectivum
827 1903 1098 1977 solidum,
1159 1897 1328 1977 quod
1379 1914 1494 1978 per
1550 1919 1658 1976 que
1728 1913 1872 1962 cum
1936 1897 2199 1962 diversis
2262 1897 2593 1964 adiectivis

395 2005 799 2072 coniunctum
841 2011 941 2072 est
983 2023 1086 2088 ep.
1131 2007 1233 2087 56,
1281 2007 1377 2071 11.
1421 2024 1520 2087 ep.
1569 2006 1669 2089 72,
1710 2006 1770 2070 5.
1808 2025 1906 2086 ep.
1950 2006 2052 2086 95,
2100 2007 2196 2073 1-5.
2240 2006 2323 2072 di.
2353 2007 2442 2071 IV
2491 2009 2593 2087 15,

393 2116 448 2182 1.
493 2115 552 2182 d.
598 2116 660 2184 b.
705 2116 812 2181 1v2
838 2116 898 2196 5,
939 2117 1000 2180 2.
1044 2133 1162 2196 per
1205 2137 1274 2181 ac
1315 2115 1512 2180 semel
1554 2113 1611 2178 d.
1654 2115 1712 2180 b.
1756 2113 1882 2180 VH
1927 2115 2027 2194 26,
2075 2116 2135 2180 3.

584 2249 650 2308 D
693 2259 944 2324 quoque
979 2242 1328 2324 particulae
1369 2263 1436 2307 ac
1474 2238 1691 2306 favere
1732 2239 1829 2306 his
1869 2241 2025 2307 locis
2055 2243 2430 2324 conligitur:
2476 2251 2587 2309 du-

388 2375 523 2417 mm
558 2374 626 2417 ac
667 2357 912 2429 aimone
952 2369 1041 2433 ep,
1085 2353 1186 2431 20,
1242 2352 1338 2415 13.
1385 2331 1482 2433 ep.
1528 2349 1628 2428 66,
1678 2350 1775 2415 15.
1819 2368 1915 2430 ep.
1958 2351 2059 2432 90,
2108 2351 2205 2416 15.
2252 2357 2592 2417 detestabile
2678 2397 2683 2400 .

390 2483 462 2527 ac
503 2467 701 2527 atnam
741 2479 837 2544 ep.
889 2463 1028 2542 114,
1077 2461 1178 2527 24.
1265 2466 1515 2526 diversis
1563 2481 1631 2525 ac
1674 2449 2109 2525 dissidentibus
2146 2461 2207 2527 d.
2265 2459 2327 2526 b.
2373 2461 2441 2527 11
2484 2461 2587 2542 29,

391 2572 450 2637 2.
536 2576 853 2636 distentum
895 2580 1153 2636 ventrem
1193 2592 1264 2635 ac
1300 2575 1599 2634 desuetum
1645 2574 1767 2633 iam
1820 2576 2040 2633 ventris
2090 2572 2297 2647 officio.
2345 2587 2442 2650 ep.
2480 2570 2590 2651 47,

390 2682 449 2746 2.
537 2678 652 2746 Hie
691 2680 862 2761 qnod
905 2697 1217 2761 opponam
1281 2678 1593 2760 repetitae
1656 2678 1909 2743 litterae
1974 2684 2016 2743 d
2059 2680 2419 2759 ex'emplum
2462 2698 2592 2744 non

388 2790 612 2857 habeo.
707 2791 793 2855 At
837 2788 1116 2870 quinque
1158 2786 1415 2869 insuper
1467 2788 1620 2855 locis
1680 2786 1845 2851 idem
1900 2786 2280 2853 adiectivum
2347 2794 2594 2865 difficile

389 2897 496 2963 alii
541 2898 850 2965 adiectivo
895 2916 1010 2978 per
1050 2920 1121 2962 ae
1165 2898 1533 2973 adiunctum
1592 2896 1719 2963 vidi
1777 2916 1872 2980 ep.
1918 2900 2061 2979 111,
2105 2901 2162 2964 4.
2222 2899 2305 2964 di.
2350 2899 2442 2965 VI
2484 2902 2590 3028 23,

389 3006 2074 3091 4.di.,...,...,IX27db11177deI431.

585 3141 752 3207 Item
795 3139 1066 3206 iteratae
1091 3164 1137 3221 p
1161 3140 1414 3206 litterae
1449 3140 1754 3221 exemplis
1778 3138 2033 3221 probari
2061 3140 2327 3220 videtur,
2368 3159 2590 3223 quam-

387 3266 580 3331 quam
624 3267 773 3331 pars
818 3265 1035 3313 eorum
1079 3271 1187 3328 que
1229 3249 1544 3331 particula
1596 3246 1854 3327 insignis
1897 3251 2017 3328 est,
2074 3247 2283 3329 aliam¹
2313 3250 2442 3315 alia
2485 3250 2587 3316 lit-

387 3361 594 3424 teram
638 3354 994 3437 gratiorem
1031 3374 1165 3421 esse
1206 3355 1343 3442 voci
1384 3379 1472 3421 ae.
1556 3356 1680 3421 Illa
1724 3354 1889 3419 enim
1932 3352 2031 3421 his
2074 3356 2225 3422 locis
2263 3357 2506 3441 legitur

523 3490 784 3559 publicae
808 3488 1117 3559 privataeq.
1161 3505 1326 3544 curae
1373 3488 1449 3543 di.
1493 3488 1570 3541 IX
1624 3492 1671 3558 1,
1730 3492 1813 3543 11.
1894 3490 2198 3561 propiorem
2225 3490 2588 3563 planioremq.

527 3603 614 3656 ep.
654 3587 744 3655 33,
784 3588 866 3641 11.
933 3586 1249 3656 proficienti
1275 3590 1580 3657 provectoq.
1618 3603 1705 3657 ep.
1744 3588 1832 3655 85,
1869 3588 1921 3642 4.
1987 3588 2241 3657 perditae
2271 3589 2417 3645 vitae
2446 3590 2594 3659 peri-

535 3686 745 3751 twraeq.
782 3698 868 3751 ep.
907 3682 996 3750 48,
1033 3682 1082 3735 8.
1183 3680 1631 3751 prudentissimis
1674 3681 2001 3753 piissimisq.
2052 3684 2128 3738 di.
2166 3684 2243 3739 XI
2299 3686 2350 3754 7,
2385 3687 2437 3739 4.
2531 3688 2593 3741 at

531 3779 668 3833 haec
703 3778 816 3833 his:
847 3776 1134 3847 privatum
1177 3792 1244 3832 ac
1281 3777 1564 3847 publicum
1600 3776 1675 3833 di.
1714 3778 1740 3831 1
1778 3780 1830 3847 5,
1882 3782 1933 3834 7.
1972 3778 2023 3834 d.
2064 3779 2120 3833 b.
2162 3778 2187 3832 1
2229 3780 2319 3849 10,
2354 3783 2405 3836 2.
2443 3780 2498 3835 d.
2536 3781 2591 3837 b.

534 3874 612 3929 IV
645 3876 708 3939 4,'
728 3876 780 3929 2.
847 3872 1128 3943 public-um
1163 3890 1231 3929 ac
1263 3874 1548 3943 privatum
1584 3874 1661 3929 di.
1701 3874 1753 3929 11
1790 3877 1873 3944 18,
1912 3878 1959 3931 3.
2045 3877 2333 3946 potentius
2373 3893 2440 3933 ac
2466 3894 2595 3947 pre-

473 4038 480 4049 ·
534 3971 733 4026 tiosius
771 3989 852 4041 ep.
889 3972 976 4041 65,
1015 3972 1102 4023 23.
1170 3970 1468 4039 proprium
1503 3988 1567 4027 ac
1594 3972 1873 4043 peculiare
1912 3990 1997 4043 ep.
2043 3976 2162 4043 122,
2200 3975 2249 4029 9.
2330 3975 2489 4043 pn‘or
2526 3991 2593 4029 ac

526 4068 716 4137 potior
751 4068 804 4123 d.
842 4070 896 4123 b.
935 4067 1036 4123 v11
1077 4070 1161 4137 19,
1199 4067 1250 4121 9.
1314 4068 1535 4139 placidi
1570 4085 1633 4124 ac
1662 4068 1912 4151 ¹propitii
1941 4067 1997 4124 d.
2033 4070 2088 4123 b.
2125 4067 2228 4123 VII
2268 4072 2353 4138 31,
2390 4074 2442 4124 4.

588 4188 727 4256 Iam
771 4208 922 4256 vero
962 4196 1038 4276 ut
1077 4190 1170 4257 eis
1211 4190 1324 4270 qui
1377 4190 1440 4255 in
1481 4194 1789 4257 concentu
1832 4191 2179 4273 primarum
2224 4193 2587 4261 litterarum

395 4303 786 4365 momentum
839 4304 1084 4382 ponant
1133 4316 1396 4383 prorsus
1449 4316 1627 4366 error
1666 4301 2002 4381 eximatur,
2055 4300 2110 4365 ei
2156 4308 2593 4383 proponantur

391 4407 511 4473 loci
551 4408 658 4473 ubi
701 4408 826 4475 duo
855 4409 1170 4476 adiectiva
1196 4410 1297 4477 vel
1345 4414 1416 4474 ut
1459 4411 1615 4475 haec
1658 4412 1719 4475 in
1748 4428 2002 4477 censum
2047 4410 2400 4493 adsumam,
2442 4431 2587 4495 par-

2476 4608 2511 4629 N
