<?xml version="1.0" encoding="UTF-8"?>
<!DOCTYPE html PUBLIC "-//W3C//DTD XHTML 1.0 Transitional//EN"
    "http://www.w3.org/TR/xhtml1/DTD/xhtml1-transitional.dtd">
<html xmlns="http://www.w3.org/1999/xhtml" xml:lang="en" lang="en">
 <head>
  <title>
</title>
<meta http-equiv="Content-Type" content="text/html;charset=utf-8" />
  <meta name='ocr-system' content='tesseract 3.04.00' />
  <meta name='ocr-capabilities' content='ocr_page ocr_carea ocr_par ocr_line ocrx_word'/>
</head>
<body>
  <div class='ocr_page' id='page_1' title='image "./animadversiones01klamgoog_0020.png"; bbox 0 0 3009 5000; ppageno 0'>
   <div class='ocr_carea' id='block_1_1' title="bbox 1408 397 1486 462">
    <p class='ocr_par' dir='ltr' id='par_1_1' title="bbox 1408 397 1486 462">
     <span class='ocr_line' id='line_1_1' title="bbox 1408 397 1486 462; baseline 0.013 -1"><span class='ocrx_word' id='word_1_1' title='bbox 1408 397 1486 462; x_wconf 84' lang='lat'>12</span> 
     </span>
    </p>
   </div>
   <div class='ocr_carea' id='block_1_2' title="bbox 316 587 2599 1665">
    <p class='ocr_par' dir='ltr' id='par_1_2' title="bbox 368 587 2557 1114">
     <span class='ocr_line' id='line_1_2' title="bbox 368 587 2557 680; baseline 0 -17"><span class='ocrx_word' id='word_1_2' title='bbox 368 596 663 679; x_wconf 79' lang='lat' dir='ltr'>repetitio</span> <span class='ocrx_word' id='word_1_3' title='bbox 727 596 1116 679; x_wconf 83' lang='lat' dir='ltr'><strong>pronominis</strong></span> <span class='ocrx_word' id='word_1_4' title='bbox 1177 603 1248 665; x_wconf 91' lang='lat' dir='ltr'>et</span> <span class='ocrx_word' id='word_1_5' title='bbox 1299 597 1573 664; x_wconf 78' lang='lat' dir='ltr'><strong>imitatio</strong></span> <span class='ocrx_word' id='word_1_6' title='bbox 1598 587 1605 608; x_wconf 87' lang='grc'><em>“</em></span> <span class='ocrx_word' id='word_1_7' title='bbox 1628 597 1933 666; x_wconf 76' lang='lat' dir='ltr'><strong>Sallustii.</strong></span> <span class='ocrx_word' id='word_1_8' title='bbox 2018 598 2259 665; x_wconf 78' lang='lat' dir='ltr'>Maiore</span> <span class='ocrx_word' id='word_1_9' title='bbox 2300 596 2557 680; x_wconf 86' lang='lat' dir='ltr'>quidem</span> 
     </span>
     <span class='ocr_line' id='line_1_3' title="bbox 371 705 2557 790; baseline 0 -18"><span class='ocrx_word' id='word_1_10' title='bbox 371 705 623 772; x_wconf 83' lang='lat' dir='ltr'>adfectu</span> <span class='ocrx_word' id='word_1_11' title='bbox 661 705 1063 789; x_wconf 85' lang='lat' dir='ltr'>pronuntiari</span> <span class='ocrx_word' id='word_1_12' title='bbox 1107 706 1276 772; x_wconf 87' lang='lat' dir='ltr'>locos</span> <span class='ocrx_word' id='word_1_13' title='bbox 1321 705 1422 771; x_wconf 89' lang='lat' dir='ltr'>ubi</span> <span class='ocrx_word' id='word_1_14' title='bbox 1468 706 1767 790; x_wconf 87' lang='lat' dir='ltr'>occurrit,</span> <span class='ocrx_word' id='word_1_15' title='bbox 1820 706 2003 774; x_wconf 83' lang='lat' dir='ltr'>facile</span> <span class='ocrx_word' id='word_1_16' title='bbox 2046 707 2401 790; x_wconf 84' lang='lat' dir='ltr'>suspiceris,</span> <span class='ocrx_word' id='word_1_17' title='bbox 2444 707 2557 773; x_wconf 80' lang='lat' dir='ltr'>sed</span> 
     </span>
     <span class='ocr_line' id='line_1_4' title="bbox 368 797 2557 906; baseline 0 -24"><span class='ocrx_word' id='word_1_18' title='bbox 368 814 715 897; x_wconf 83' lang='lat' dir='ltr'>perexigua</span> <span class='ocrx_word' id='word_1_19' title='bbox 782 797 1072 895; x_wconf 84' lang='lat' dir='ltr'>exempla</span> <span class='ocrx_word' id='word_1_20' title='bbox 1133 814 1477 906; x_wconf 80' lang='lat' dir='ltr'>suspicioni</span> <span class='ocrx_word' id='word_1_21' title='bbox 1540 813 1686 884; x_wconf 86' lang='lat' dir='ltr'>huic</span> <span class='ocrx_word' id='word_1_22' title='bbox 1724 815 2199 900; x_wconf 86' lang='lat' dir='ltr'>respondebunt</span> <span class='ocrx_word' id='word_1_23' title='bbox 2236 815 2415 882; x_wconf 79' lang='lat' dir='ltr'>velut</span> <span class='ocrx_word' id='word_1_24' title='bbox 2452 837 2557 883; x_wconf 85' lang='lat' dir='ltr'>oro</span> 
     </span>
     <span class='ocr_line' id='line_1_5' title="bbox 368 923 2554 1007; baseline -0 -17"><span class='ocrx_word' id='word_1_25' title='bbox 368 933 543 1005; x_wconf 74' lang='lat' dir='ltr'>atque</span> <span class='ocrx_word' id='word_1_26' title='bbox 598 931 832 990; x_wconf 78' lang='lat' dir='ltr'>obsecro</span> <span class='ocrx_word' id='word_1_27' title='bbox 895 941 994 1006; x_wconf 83' lang='lat' dir='ltr'>ep.</span> <span class='ocrx_word' id='word_1_28' title='bbox 1040 925 1140 1004; x_wconf 84' lang='lat'>19,</span> <span class='ocrx_word' id='word_1_29' title='bbox 1187 925 1222 990; x_wconf 94' lang='lat' dir='ltr'>l</span> <span class='ocrx_word' id='word_1_30' title='bbox 1263 923 1347 990; x_wconf 85' lang='lat' dir='ltr'>di.</span> <span class='ocrx_word' id='word_1_31' title='bbox 1395 923 1484 990; x_wconf 87' lang='lat' dir='ltr'>VI</span> <span class='ocrx_word' id='word_1_32' title='bbox 1526 926 1589 1006; x_wconf 88' lang='lat'>5,</span> <span class='ocrx_word' id='word_1_33' title='bbox 1633 925 1667 989; x_wconf 92' lang='lat' dir='ltr'>l</span> <span class='ocrx_word' id='word_1_34' title='bbox 1710 931 1779 991; x_wconf 81' lang='lat' dir='ltr'>et</span> <span class='ocrx_word' id='word_1_35' title='bbox 1816 949 1961 1007; x_wconf 74' lang='lat' dir='ltr'>roqo</span> <span class='ocrx_word' id='word_1_36' title='bbox 1996 935 2172 1006; x_wconf 77' lang='lat' dir='ltr'>atque</span> <span class='ocrx_word' id='word_1_37' title='bbox 2212 932 2419 992; x_wconf 72' lang='lat' dir='ltr'>hortor</span> <span class='ocrx_word' id='word_1_38' title='bbox 2455 942 2554 1007; x_wconf 83' lang='lat' dir='ltr'>ep.</span> 
     </span>
     <span class='ocr_line' id='line_1_6' title="bbox 369 1035 2389 1114; baseline -0 -16"><span class='ocrx_word' id='word_1_39' title='bbox 369 1035 470 1114; x_wconf 85' lang='lat'>20,</span> <span class='ocrx_word' id='word_1_40' title='bbox 519 1035 576 1098; x_wconf 90' lang='lat'>1.</span> <span class='ocrx_word' id='word_1_41' title='bbox 2382 1064 2389 1072; x_wconf 97' lang='lat'>·</span> 
     </span>
    </p>

    <p class='ocr_par' dir='ltr' id='par_1_3' title="bbox 316 1142 2599 1665">
     <span class='ocr_line' id='line_1_7' title="bbox 577 1142 2599 1228; baseline -0 -19"><span class='ocrx_word' id='word_1_42' title='bbox 577 1143 704 1209; x_wconf 88' lang='lat' dir='ltr'>Per</span> <span class='ocrx_word' id='word_1_43' title='bbox 757 1153 812 1209; x_wconf 78' lang='lat' dir='ltr'>et</span> <span class='ocrx_word' id='word_1_44' title='bbox 855 1143 1127 1226; x_wconf 90' lang='lat' dir='ltr'>denique</span> <span class='ocrx_word' id='word_1_45' title='bbox 1171 1144 1576 1228; x_wconf 85' lang='lat' dir='ltr'>conligantur</span> <span class='ocrx_word' id='word_1_46' title='bbox 1620 1151 1918 1228; x_wconf 76' lang='lat' dir='ltr'><strong>praesens</strong></span> <span class='ocrx_word' id='word_1_47' title='bbox 1962 1149 2028 1211; x_wconf 91' lang='lat' dir='ltr'>et</span> <span class='ocrx_word' id='word_1_48' title='bbox 2066 1144 2355 1211; x_wconf 87' lang='lat' dir='ltr'>futurum</span> <span class='ocrx_word' id='word_1_49' title='bbox 2396 1142 2557 1209; x_wconf 89' lang='lat' dir='ltr'>eius-</span> <span class='ocrx_word' id='word_1_50' title='bbox 2594 1183 2599 1192; x_wconf 87' lang='lat'><em>·</em></span> 
     </span>
     <span class='ocr_line' id='line_1_8' title="bbox 364 1251 2559 1336; baseline 0.002 -20"><span class='ocrx_word' id='word_1_51' title='bbox 364 1252 508 1318; x_wconf 89' lang='lat' dir='ltr'>dem</span> <span class='ocrx_word' id='word_1_52' title='bbox 553 1251 729 1317; x_wconf 88' lang='lat' dir='ltr'>verbi</span> <span class='ocrx_word' id='word_1_53' title='bbox 769 1267 864 1333; x_wconf 90' lang='lat' dir='ltr'>ep.</span> <span class='ocrx_word' id='word_1_54' title='bbox 905 1254 1006 1336; x_wconf 84' lang='lat'>61,</span> <span class='ocrx_word' id='word_1_55' title='bbox 1052 1255 1094 1318; x_wconf 91' lang='grc'>4</span> <span class='ocrx_word' id='word_1_56' title='bbox 1134 1259 1370 1318; x_wconf 72' lang='lat' dir='ltr'>videt-ur</span> <span class='ocrx_word' id='word_1_57' title='bbox 1411 1264 1467 1319; x_wconf 79' lang='lat' dir='ltr'>et</span> <span class='ocrx_word' id='word_1_58' title='bbox 1507 1270 1739 1334; x_wconf 71' lang='lat' dir='ltr'>smper</span> <span class='ocrx_word' id='word_1_59' title='bbox 1780 1261 2113 1332; x_wconf 53' lang='lat' dir='ltr'>videbitne,-</span> <span class='ocrx_word' id='word_1_60' title='bbox 2168 1252 2444 1319; x_wconf 79' lang='lat' dir='ltr'>activum</span> <span class='ocrx_word' id='word_1_61' title='bbox 2490 1258 2559 1320; x_wconf 88' lang='lat' dir='ltr'>et</span> 
     </span>
     <span class='ocr_line' id='line_1_9' title="bbox 369 1360 2555 1443; baseline 0.001 -17"><span class='ocrx_word' id='word_1_62' title='bbox 369 1360 688 1443; x_wconf 81' lang='lat' dir='ltr'>passivum</span> <span class='ocrx_word' id='word_1_63' title='bbox 746 1379 948 1442; x_wconf 88' lang='lat' dir='ltr'>genus</span> <span class='ocrx_word' id='word_1_64' title='bbox 988 1379 1048 1426; x_wconf 92' lang='lat' dir='ltr'>n.</span> <span class='ocrx_word' id='word_1_65' title='bbox 1096 1377 1154 1442; x_wconf 91' lang='lat' dir='ltr'>q.</span> <span class='ocrx_word' id='word_1_66' title='bbox 1197 1361 1286 1430; x_wconf 89' lang='lat' dir='ltr'>IV</span> <span class='ocrx_word' id='word_1_67' title='bbox 1334 1364 1432 1440; x_wconf 93' lang='grc'>11,</span> <span class='ocrx_word' id='word_1_68' title='bbox 1475 1363 1517 1426; x_wconf 83' lang='grc'><strong>2</strong></span> <span class='ocrx_word' id='word_1_69' title='bbox 1556 1371 1715 1429; x_wconf 68' lang='lat' dir='ltr'>inter</span> <span class='ocrx_word' id='word_1_70' title='bbox 1752 1385 1815 1428; x_wconf 81' lang='lat' dir='ltr'>se</span> <span class='ocrx_word' id='word_1_71' title='bbox 1850 1371 2167 1428; x_wconf 72' lang='lat' dir='ltr'>vincuntur</span> <span class='ocrx_word' id='word_1_72' title='bbox 2204 1372 2260 1428; x_wconf 70' lang='lat' dir='ltr'>et</span> <span class='ocrx_word' id='word_1_73' title='bbox 2294 1369 2555 1428; x_wconf 72' lang='lat' dir='ltr'>vineunt.</span> 
     </span>
     <span class='ocr_line' id='line_1_10' title="bbox 316 1455 2554 1558; baseline 0 -24"><span class='ocrx_word' id='word_1_74' title='bbox 316 1487 322 1494; x_wconf 86' lang='lat'><em>·</em></span> <span class='ocrx_word' id='word_1_75' title='bbox 367 1455 578 1558; x_wconf 79' lang='lat' dir='ltr'>Dubia</span> <span class='ocrx_word' id='word_1_76' title='bbox 617 1476 830 1536; x_wconf 90' lang='lat' dir='ltr'>autem</span> <span class='ocrx_word' id='word_1_77' title='bbox 876 1474 977 1540; x_wconf 88' lang='lat' dir='ltr'>est</span> <span class='ocrx_word' id='word_1_78' title='bbox 1011 1471 1193 1538; x_wconf 85' lang='lat' dir='ltr'>lectio</span> <span class='ocrx_word' id='word_1_79' title='bbox 1236 1472 1317 1539; x_wconf 85' lang='lat' dir='ltr'>di.</span> <span class='ocrx_word' id='word_1_80' title='bbox 1343 1472 1410 1538; x_wconf 92' lang='grc' dir='ltr'>ΙΙ</span> <span class='ocrx_word' id='word_1_81' title='bbox 1455 1473 1513 1551; x_wconf 86' lang='grc'>’7,</span> <span class='ocrx_word' id='word_1_82' title='bbox 1559 1473 1593 1537; x_wconf 96' lang='grc'><strong>1</strong></span> <span class='ocrx_word' id='word_1_83' title='bbox 1638 1479 2001 1539; x_wconf 68' lang='lat' dir='ltr'><strong><em>exhibuimus</em></strong></span> <span class='ocrx_word' id='word_1_84' title='bbox 2040 1479 2554 1549; x_wconf 66' lang='lat' dir='ltr'>et‘exloibebinms,</span> 
     </span>
     <span class='ocr_line' id='line_1_11' title="bbox 367 1578 2074 1665; baseline 0.001 -19"><span class='ocrx_word' id='word_1_85' title='bbox 367 1596 510 1646; x_wconf 87' lang='lat' dir='ltr'>cum</span> <span class='ocrx_word' id='word_1_86' title='bbox 555 1588 610 1644; x_wconf 78' lang='lat' dir='ltr'>et</span> <span class='ocrx_word' id='word_1_87' title='bbox 645 1578 712 1643; x_wconf 88' lang='lat' dir='ltr'>in</span> <span class='ocrx_word' id='word_1_88' title='bbox 754 1579 966 1646; x_wconf 88' lang='lat' dir='ltr'>codice</span> <span class='ocrx_word' id='word_1_89' title='bbox 1003 1581 1060 1645; x_wconf 92' lang='lat' dir='ltr'>A</span> <span class='ocrx_word' id='word_1_90' title='bbox 1105 1599 1300 1663; x_wconf 91' lang='lat' dir='ltr'>supra</span> <span class='ocrx_word' id='word_1_91' title='bbox 1340 1580 1574 1648; x_wconf 89' lang='lat' dir='ltr'>lineam</span> <span class='ocrx_word' id='word_1_92' title='bbox 1618 1581 1921 1665; x_wconf 88' lang='lat' dir='ltr'>scriptum</span> <span class='ocrx_word' id='word_1_93' title='bbox 1970 1580 2074 1648; x_wconf 88' lang='lat' dir='ltr'>sit.</span> 
     </span>
    </p>
   </div>
   <div class='ocr_carea' id='block_1_3' title="bbox 1409 1908 1523 1974">
    <p class='ocr_par' dir='ltr' id='par_1_4' title="bbox 1409 1908 1523 1974">
     <span class='ocr_line' id='line_1_12' title="bbox 1409 1908 1523 1974; baseline -0.009 -1"><span class='ocrx_word' id='word_1_94' title='bbox 1409 1908 1523 1974; x_wconf 89' lang='lat'>111.</span> 
     </span>
    </p>
   </div>
   <div class='ocr_carea' id='block_1_4' title="bbox 360 2026 2558 4515">
    <p class='ocr_par' dir='ltr' id='par_1_5' title="bbox 363 2026 2558 3211">
     <span class='ocr_line' id='line_1_13' title="bbox 576 2026 2551 2114; baseline 0.001 -18"><span class='ocrx_word' id='word_1_95' title='bbox 576 2026 964 2098; x_wconf 82' lang='lat' dir='ltr'><strong>Accedamus</strong></span> <span class='ocrx_word' id='word_1_96' title='bbox 1007 2033 1088 2097; x_wconf 91' lang='lat' dir='ltr'>ad</span> <span class='ocrx_word' id='word_1_97' title='bbox 1133 2034 1389 2098; x_wconf 89' lang='lat' dir='ltr'>nomina</span> <span class='ocrx_word' id='word_1_98' title='bbox 1431 2039 1501 2099; x_wconf 90' lang='lat' dir='ltr'>et</span> <span class='ocrx_word' id='word_1_99' title='bbox 1537 2034 1814 2114; x_wconf 86' lang='lat' dir='ltr'>primum</span> <span class='ocrx_word' id='word_1_100' title='bbox 1857 2033 2107 2114; x_wconf 89' lang='lat' dir='ltr'>quidem</span> <span class='ocrx_word' id='word_1_101' title='bbox 2152 2033 2233 2099; x_wconf 88' lang='lat' dir='ltr'>ad</span> <span class='ocrx_word' id='word_1_102' title='bbox 2260 2033 2551 2099; x_wconf 87' lang='lat' dir='ltr'>substan-</span> 
     </span>
     <span class='ocr_line' id='line_1_14' title="bbox 366 2139 2555 2223; baseline 0.002 -21"><span class='ocrx_word' id='word_1_103' title='bbox 366 2140 516 2203; x_wconf 89' lang='lat' dir='ltr'>tiva.</span> <span class='ocrx_word' id='word_1_104' title='bbox 601 2139 931 2206; x_wconf 81' lang='lat' dir='ltr'>Rationem</span> <span class='ocrx_word' id='word_1_105' title='bbox 994 2139 1160 2223; x_wconf 80' lang='lat' dir='ltr'>quae</span> <span class='ocrx_word' id='word_1_106' title='bbox 1217 2142 1384 2208; x_wconf 88' lang='lat' dir='ltr'>inter</span> <span class='ocrx_word' id='word_1_107' title='bbox 1436 2141 1595 2208; x_wconf 89' lang='lat' dir='ltr'>duas</span> <span class='ocrx_word' id='word_1_108' title='bbox 1652 2142 1815 2207; x_wconf 88' lang='lat' dir='ltr'>tales</span> <span class='ocrx_word' id='word_1_109' title='bbox 1872 2143 2159 2208; x_wconf 85' lang='lat' dir='ltr'>notiones</span> <span class='ocrx_word' id='word_1_110' title='bbox 2200 2141 2555 2209; x_wconf 78' lang='lat' dir='ltr'>intercedat</span> 
     </span>
     <span class='ocr_line' id='line_1_15' title="bbox 367 2247 2555 2334; baseline 0.004 -23"><span class='ocrx_word' id='word_1_111' title='bbox 367 2247 475 2327; x_wconf 88' lang='lat' dir='ltr'>qui</span> <span class='ocrx_word' id='word_1_112' title='bbox 519 2255 812 2316; x_wconf 84' lang='lat' dir='ltr'>accurate</span> <span class='ocrx_word' id='word_1_113' title='bbox 854 2250 1148 2317; x_wconf 88' lang='lat' dir='ltr'>aestimet</span> <span class='ocrx_word' id='word_1_114' title='bbox 1188 2256 1253 2317; x_wconf 90' lang='lat' dir='ltr'>et</span> <span class='ocrx_word' id='word_1_115' title='bbox 1293 2249 1667 2332; x_wconf 84' lang='lat' dir='ltr'>perpendat,</span> <span class='ocrx_word' id='word_1_116' title='bbox 1714 2250 2187 2334; x_wconf 79' lang='lat' dir='ltr'>quadruplicem</span> <span class='ocrx_word' id='word_1_117' title='bbox 2230 2257 2370 2318; x_wconf 84' lang='lat' dir='ltr'>e‘am</span> <span class='ocrx_word' id='word_1_118' title='bbox 2414 2269 2555 2319; x_wconf 89' lang='lat' dir='ltr'>esse</span> 
     </span>
     <span class='ocr_line' id='line_1_16' title="bbox 367 2353 2555 2442; baseline 0.002 -20"><span class='ocrx_word' id='word_1_119' title='bbox 367 2353 619 2425; x_wconf 64' lang='lat' dir='ltr'>videbit.</span> <span class='ocrx_word' id='word_1_120' title='bbox 705 2359 836 2442; x_wconf 77' lang='lat' dir='ltr'>Aut</span> <span class='ocrx_word' id='word_1_121' title='bbox 894 2359 1063 2424; x_wconf 91' lang='lat' dir='ltr'>enim</span> <span class='ocrx_word' id='word_1_122' title='bbox 1095 2359 1464 2427; x_wconf 72' lang='lat' dir='ltr'>contrariae</span> <span class='ocrx_word' id='word_1_123' title='bbox 1510 2357 1679 2426; x_wconf 87' lang='lat' dir='ltr'>inter</span> <span class='ocrx_word' id='word_1_124' title='bbox 1714 2379 1781 2426; x_wconf 91' lang='lat' dir='ltr'>se</span> <span class='ocrx_word' id='word_1_125' title='bbox 1826 2365 1975 2427; x_wconf 91' lang='lat' dir='ltr'>sunt</span> <span class='ocrx_word' id='word_1_126' title='bbox 2017 2378 2121 2428; x_wconf 92' lang='lat' dir='ltr'>res</span> <span class='ocrx_word' id='word_1_127' title='bbox 2163 2360 2555 2442; x_wconf 77' lang='lat' dir='ltr'>designatae,</span> 
     </span>
     <span class='ocr_line' id='line_1_17' title="bbox 367 2461 2555 2552; baseline 0.002 -19"><span class='ocrx_word' id='word_1_128' title='bbox 367 2461 442 2533; x_wconf 78' lang='lat' dir='ltr'>u&#39;t</span> <span class='ocrx_word' id='word_1_129' title='bbox 481 2475 606 2535; x_wconf 70' lang='lat' dir='ltr'>vita</span> <span class='ocrx_word' id='word_1_130' title='bbox 645 2475 866 2550; x_wconf 69' lang='lat' dir='ltr'>noxque</span> <span class='ocrx_word' id='word_1_131' title='bbox 907 2468 966 2537; x_wconf 91' lang='lat' dir='ltr'>d.</span> <span class='ocrx_word' id='word_1_132' title='bbox 1013 2469 1069 2535; x_wconf 90' lang='lat' dir='ltr'>b.</span> <span class='ocrx_word' id='word_1_133' title='bbox 1095 2468 1194 2535; x_wconf 95' lang='grc' dir='ltr'>ΠΙ</span> <span class='ocrx_word' id='word_1_134' title='bbox 1239 2468 1338 2547; x_wconf 83' lang='grc'>23,</span> <span class='ocrx_word' id='word_1_135' title='bbox 1367 2467 1441 2549; x_wconf 84' lang='grc'>’3,</span> <span class='ocrx_word' id='word_1_136' title='bbox 1485 2473 1601 2536; x_wconf 87' lang='lat' dir='ltr'>aut</span> <span class='ocrx_word' id='word_1_137' title='bbox 1644 2487 1829 2552; x_wconf 87' lang='lat' dir='ltr'>pares</span> <span class='ocrx_word' id='word_1_138' title='bbox 1882 2469 2051 2536; x_wconf 89' lang='lat' dir='ltr'>inter</span> <span class='ocrx_word' id='word_1_139' title='bbox 2076 2489 2144 2537; x_wconf 89' lang='lat' dir='ltr'>se</span> <span class='ocrx_word' id='word_1_140' title='bbox 2176 2469 2273 2535; x_wconf 81' lang='lat' dir='ltr'>vel</span> <span class='ocrx_word' id='word_1_141' title='bbox 2300 2468 2555 2551; x_wconf 84' lang='lat' dir='ltr'>similes,</span> 
     </span>
     <span class='ocr_line' id='line_1_18' title="bbox 365 2578 2554 2661; baseline 0.001 -18"><span class='ocrx_word' id='word_1_142' title='bbox 365 2585 439 2643; x_wconf 82' lang='lat' dir='ltr'>ut</span> <span class='ocrx_word' id='word_1_143' title='bbox 487 2584 818 2643; x_wconf 77' lang='lat' dir='ltr'>adsectator</span> <span class='ocrx_word' id='word_1_144' title='bbox 869 2584 1164 2659; x_wconf 65' lang='lat' dir='ltr'>comesque</span> <span class='ocrx_word' id='word_1_145' title='bbox 1220 2578 1302 2644; x_wconf 86' lang='lat' dir='ltr'>di.</span> <span class='ocrx_word' id='word_1_146' title='bbox 1349 2578 1442 2643; x_wconf 87' lang='lat' dir='ltr'>IX</span> <span class='ocrx_word' id='word_1_147' title='bbox 1488 2579 1543 2656; x_wconf 90' lang='lat'>1,</span> <span class='ocrx_word' id='word_1_148' title='bbox 1589 2580 1655 2655; x_wconf 87' lang='grc'>8,</span> <span class='ocrx_word' id='word_1_149' title='bbox 1710 2586 2017 2659; x_wconf 75' lang='lat' dir='ltr'>principes</span> <span class='ocrx_word' id='word_1_150' title='bbox 2067 2602 2342 2661; x_wconf 71' lang='lat' dir='ltr'>reyesque</span> <span class='ocrx_word' id='word_1_151' title='bbox 2382 2578 2441 2645; x_wconf 87' lang='lat' dir='ltr'>d.</span> <span class='ocrx_word' id='word_1_152' title='bbox 2474 2580 2554 2645; x_wconf 84' lang='lat' dir='ltr'>cl.</span> 
     </span>
     <span class='ocr_line' id='line_1_19' title="bbox 363 2675 2553 2769; baseline 0.001 -18"><span class='ocrx_word' id='word_1_153' title='bbox 363 2684 426 2751; x_wconf 94' lang='lat'>11</span> <span class='ocrx_word' id='word_1_154' title='bbox 472 2675 527 2763; x_wconf 87' lang='grc'>1,</span> <span class='ocrx_word' id='word_1_155' title='bbox 576 2688 635 2764; x_wconf 89' lang='grc'>3,</span> <span class='ocrx_word' id='word_1_156' title='bbox 696 2691 809 2752; x_wconf 90' lang='lat' dir='ltr'>aut</span> <span class='ocrx_word' id='word_1_157' title='bbox 849 2686 1156 2767; x_wconf 85' lang='lat' dir='ltr'>diversae,</span> <span class='ocrx_word' id='word_1_158' title='bbox 1205 2685 1298 2754; x_wconf 87' lang='lat' dir='ltr'>ita</span> <span class='ocrx_word' id='word_1_159' title='bbox 1339 2692 1573 2767; x_wconf 86' lang='lat' dir='ltr'>tamen,</span> <span class='ocrx_word' id='word_1_160' title='bbox 1617 2692 1691 2752; x_wconf 90' lang='lat' dir='ltr'>ut</span> <span class='ocrx_word' id='word_1_161' title='bbox 1730 2686 1989 2753; x_wconf 88' lang='lat' dir='ltr'>tertium</span> <span class='ocrx_word' id='word_1_162' title='bbox 2034 2688 2349 2769; x_wconf 83' lang='lat' dir='ltr'>cogitetur</span> <span class='ocrx_word' id='word_1_163' title='bbox 2384 2686 2553 2769; x_wconf 87' lang='lat' dir='ltr'>quod</span> 
     </span>
     <span class='ocr_line' id='line_1_20' title="bbox 363 2794 2558 2879; baseline 0 -18"><span class='ocrx_word' id='word_1_164' title='bbox 363 2794 445 2861; x_wconf 89' lang='lat' dir='ltr'>ad</span> <span class='ocrx_word' id='word_1_165' title='bbox 475 2826 482 2839; x_wconf 87' lang='lat'>·</span> <span class='ocrx_word' id='word_1_166' title='bbox 511 2798 846 2877; x_wconf 87' lang='lat' dir='ltr'>utramque</span> <span class='ocrx_word' id='word_1_167' title='bbox 890 2796 1235 2879; x_wconf 84' lang='lat' dir='ltr'>pertineat,</span> <span class='ocrx_word' id='word_1_168' title='bbox 1299 2802 1370 2862; x_wconf 90' lang='lat' dir='ltr'>ut</span> <span class='ocrx_word' id='word_1_169' title='bbox 1412 2804 1542 2861; x_wconf 75' lang='lat' dir='ltr'>ursi</span> <span class='ocrx_word' id='word_1_170' title='bbox 1582 2802 1883 2876; x_wconf 73' lang='lat' dir='ltr'>leonesque</span> <span class='ocrx_word' id='word_1_171' title='bbox 1923 2796 2003 2861; x_wconf 87' lang='lat' dir='ltr'>di.</span> <span class='ocrx_word' id='word_1_172' title='bbox 2039 2795 2094 2860; x_wconf 88' lang='lat' dir='ltr'>V</span> <span class='ocrx_word' id='word_1_173' title='bbox 2124 2797 2226 2876; x_wconf 84' lang='lat'>30,</span> <span class='ocrx_word' id='word_1_174' title='bbox 2269 2796 2325 2875; x_wconf 95' lang='lat'>1,</span> <span class='ocrx_word' id='word_1_175' title='bbox 2371 2802 2558 2861; x_wconf 78' lang='lat' dir='ltr'>barba</span> 
     </span>
     <span class='ocr_line' id='line_1_21' title="bbox 363 2894 2548 2989; baseline 0 -19"><span class='ocrx_word' id='word_1_176' title='bbox 363 2894 724 2984; x_wconf 66' lang='lat' dir='ltr'>cupiamque</span> <span class='ocrx_word' id='word_1_177' title='bbox 785 2904 866 2969; x_wconf 89' lang='lat' dir='ltr'>di.</span> <span class='ocrx_word' id='word_1_178' title='bbox 909 2904 1004 2971; x_wconf 90' lang='lat' dir='ltr'>XI</span> <span class='ocrx_word' id='word_1_179' title='bbox 1049 2907 1146 2983; x_wconf 83' lang='lat'>17,</span> <span class='ocrx_word' id='word_1_180' title='bbox 1193 2905 1262 2987; x_wconf 87' lang='lat'>5,</span> <span class='ocrx_word' id='word_1_181' title='bbox 1329 2923 1493 2986; x_wconf 87' lang='lat' dir='ltr'>quae</span> <span class='ocrx_word' id='word_1_182' title='bbox 1557 2904 1797 2989; x_wconf 88' lang='lat' dir='ltr'>speeies</span> <span class='ocrx_word' id='word_1_183' title='bbox 1852 2911 2003 2971; x_wconf 85' lang='lat' dir='ltr'>sunt</span> <span class='ocrx_word' id='word_1_184' title='bbox 2050 2904 2239 2971; x_wconf 86' lang='lat' dir='ltr'>unius</span> <span class='ocrx_word' id='word_1_185' title='bbox 2284 2904 2548 2987; x_wconf 86' lang='lat' dir='ltr'>generis,</span> 
     </span>
     <span class='ocr_line' id='line_1_22' title="bbox 364 3014 2550 3095; baseline 0.001 -18"><span class='ocrx_word' id='word_1_186' title='bbox 364 3018 479 3079; x_wconf 87' lang='lat' dir='ltr'>aut</span> <span class='ocrx_word' id='word_1_187' title='bbox 540 3030 802 3095; x_wconf 86' lang='lat' dir='ltr'>prorsus</span> <span class='ocrx_word' id='word_1_188' title='bbox 869 3014 1180 3094; x_wconf 87' lang='lat' dir='ltr'>diversae,</span> <span class='ocrx_word' id='word_1_189' title='bbox 1247 3019 1320 3080; x_wconf 91' lang='lat' dir='ltr'>ut</span> <span class='ocrx_word' id='word_1_190' title='bbox 1383 3020 1536 3081; x_wconf 76' lang='lat' dir='ltr'>duas</span> <span class='ocrx_word' id='word_1_191' title='bbox 1599 3036 1809 3080; x_wconf 72' lang='lat' dir='ltr'>causas</span> <span class='ocrx_word' id='word_1_192' title='bbox 1858 3046 1943 3062; x_wconf 88' lang='lat'>-</span> <span class='ocrx_word' id='word_1_193' title='bbox 1992 3018 2168 3079; x_wconf 79' lang='lat' dir='ltr'>solem</span> <span class='ocrx_word' id='word_1_194' title='bbox 2227 3019 2550 3093; x_wconf 67' lang='lat' dir='ltr'>nubemqwe</span> 
     </span>
     <span class='ocr_line' id='line_1_23' title="bbox 364 3120 1557 3211; baseline 0 -24"><span class='ocrx_word' id='word_1_195' title='bbox 364 3138 426 3188; x_wconf 88' lang='lat' dir='ltr'>n.</span> <span class='ocrx_word' id='word_1_196' title='bbox 469 3140 532 3205; x_wconf 88' lang='lat' dir='ltr'>q.</span> <span class='ocrx_word' id='word_1_197' title='bbox 573 3120 607 3188; x_wconf 93' lang='lat'>1</span> <span class='ocrx_word' id='word_1_198' title='bbox 649 3124 708 3203; x_wconf 88' lang='lat'>3,</span> <span class='ocrx_word' id='word_1_199' title='bbox 756 3124 853 3188; x_wconf 89' lang='lat'>14.</span> <span class='ocrx_word' id='word_1_200' title='bbox 1530 3192 1557 3211; x_wconf 56' lang='lat'>‚</span> 
     </span>
    </p>

    <p class='ocr_par' dir='ltr' id='par_1_6' title="bbox 360 3230 2555 4515">
     <span class='ocr_line' id='line_1_24' title="bbox 573 3230 2555 3317; baseline 0.001 -21"><span class='ocrx_word' id='word_1_201' title='bbox 573 3230 866 3297; x_wconf 88' lang='lat' dir='ltr'>Omnium</span> <span class='ocrx_word' id='word_1_202' title='bbox 912 3234 1163 3315; x_wconf 89' lang='lat' dir='ltr'>quidem</span> <span class='ocrx_word' id='word_1_203' title='bbox 1207 3233 1433 3299; x_wconf 87' lang='lat' dir='ltr'>horum</span> <span class='ocrx_word' id='word_1_204' title='bbox 1478 3250 1781 3317; x_wconf 84' lang='lat' dir='ltr'>generum</span> <span class='ocrx_word' id='word_1_205' title='bbox 1829 3232 2032 3297; x_wconf 90' lang='lat' dir='ltr'>multa</span> <span class='ocrx_word' id='word_1_206' title='bbox 2074 3230 2233 3313; x_wconf 87' lang='lat' dir='ltr'>legis</span> <span class='ocrx_word' id='word_1_207' title='bbox 2260 3231 2555 3313; x_wconf 81' lang='lat' dir='ltr'>exempla</span> 
     </span>
     <span class='ocr_line' id='line_1_25' title="bbox 367 3328 2554 3423; baseline 0 -18"><span class='ocrx_word' id='word_1_208' title='bbox 367 3328 550 3421; x_wconf 38' lang='lat' dir='ltr'>apud*</span> <span class='ocrx_word' id='word_1_209' title='bbox 603 3338 904 3407; x_wconf 86' lang='lat' dir='ltr'>Senecam</span> <span class='ocrx_word' id='word_1_210' title='bbox 975 3362 1090 3407; x_wconf 87' lang='lat' dir='ltr'>nec</span> <span class='ocrx_word' id='word_1_211' title='bbox 1151 3349 1363 3409; x_wconf 89' lang='lat' dir='ltr'>tamen</span> <span class='ocrx_word' id='word_1_212' title='bbox 1431 3342 1709 3408; x_wconf 88' lang='lat' dir='ltr'>omnium</span> <span class='ocrx_word' id='word_1_213' title='bbox 1765 3359 1983 3423; x_wconf 89' lang='lat' dir='ltr'>parem</span> <span class='ocrx_word' id='word_1_214' title='bbox 2042 3357 2393 3406; x_wconf 88' lang='lat' dir='ltr'>numerum.</span> <span class='ocrx_word' id='word_1_215' title='bbox 2478 3340 2554 3406; x_wconf 85' lang='lat' dir='ltr'>Id</span> 
     </span>
     <span class='ocr_line' id='line_1_26' title="bbox 366 3448 2555 3535; baseline 0 -20"><span class='ocrx_word' id='word_1_216' title='bbox 366 3448 530 3515; x_wconf 85' lang='lat' dir='ltr'>enim</span> <span class='ocrx_word' id='word_1_217' title='bbox 592 3450 763 3531; x_wconf 88' lang='lat' dir='ltr'>quod</span> <span class='ocrx_word' id='word_1_218' title='bbox 826 3450 888 3515; x_wconf 87' lang='lat' dir='ltr'>in</span> <span class='ocrx_word' id='word_1_219' title='bbox 951 3448 1206 3534; x_wconf 87' lang='lat' dir='ltr'>fastigio</span> <span class='ocrx_word' id='word_1_220' title='bbox 1269 3450 1635 3533; x_wconf 85' lang='lat' dir='ltr'>partitionis</span> <span class='ocrx_word' id='word_1_221' title='bbox 1698 3450 2021 3533; x_wconf 85' lang='lat' dir='ltr'>posuimus</span> <span class='ocrx_word' id='word_1_222' title='bbox 2073 3466 2303 3532; x_wconf 86' lang='lat' dir='ltr'>genus,</span> <span class='ocrx_word' id='word_1_223' title='bbox 2367 3450 2555 3535; x_wconf 85' lang='lat' dir='ltr'>longe</span> 
     </span>
     <span class='ocr_line' id='line_1_27' title="bbox 365 3557 2555 3641; baseline -0.001 -16"><span class='ocrx_word' id='word_1_224' title='bbox 365 3562 627 3639; x_wconf 86' lang='lat' dir='ltr'>superat</span> <span class='ocrx_word' id='word_1_225' title='bbox 681 3562 911 3625; x_wconf 86' lang='lat' dir='ltr'>cetera.</span> <span class='ocrx_word' id='word_1_226' title='bbox 997 3557 1366 3626; x_wconf 86' lang='lat' dir='ltr'>Proximum</span> <span class='ocrx_word' id='word_1_227' title='bbox 1431 3558 1512 3626; x_wconf 90' lang='lat' dir='ltr'>ab</span> <span class='ocrx_word' id='word_1_228' title='bbox 1573 3578 1647 3626; x_wconf 92' lang='lat' dir='ltr'>eo</span> <span class='ocrx_word' id='word_1_229' title='bbox 1691 3562 1789 3626; x_wconf 87' lang='lat' dir='ltr'>est</span> <span class='ocrx_word' id='word_1_230' title='bbox 1828 3576 2028 3641; x_wconf 84' lang='lat' dir='ltr'>genus</span> <span class='ocrx_word' id='word_1_231' title='bbox 2071 3557 2404 3624; x_wconf 87' lang='lat' dir='ltr'>verborum</span> <span class='ocrx_word' id='word_1_232' title='bbox 2449 3574 2555 3623; x_wconf 90' lang='lat' dir='ltr'>co-</span> 
     </span>
     <span class='ocr_line' id='line_1_28' title="bbox 365 3666 2555 3751; baseline -0 -20"><span class='ocrx_word' id='word_1_233' title='bbox 365 3666 893 3751; x_wconf 86' lang='lat' dir='ltr'>gnominatorum.</span> <span class='ocrx_word' id='word_1_234' title='bbox 994 3666 1306 3745; x_wconf 84' lang='lat' dir='ltr'>Quartum</span> <span class='ocrx_word' id='word_1_235' title='bbox 1371 3666 1476 3732; x_wconf 90' lang='lat' dir='ltr'>ubi</span> <span class='ocrx_word' id='word_1_236' title='bbox 1541 3690 1654 3747; x_wconf 76' lang='lat' dir='ltr'>que</span> <span class='ocrx_word' id='word_1_237' title='bbox 1710 3683 1923 3732; x_wconf 87' lang='lat' dir='ltr'>merae</span> <span class='ocrx_word' id='word_1_238' title='bbox 1965 3666 2425 3734; x_wconf 85' lang='lat' dir='ltr'>enumerationi</span> <span class='ocrx_word' id='word_1_239' title='bbox 2465 3666 2555 3731; x_wconf 91' lang='lat' dir='ltr'>in-</span> 
     </span>
     <span class='ocr_line' id='line_1_29' title="bbox 366 3762 2552 3863; baseline 0.001 -22"><span class='ocrx_word' id='word_1_240' title='bbox 366 3776 584 3853; x_wconf 86' lang='lat' dir='ltr'>servit,</span> <span class='ocrx_word' id='word_1_241' title='bbox 643 3762 790 3855; x_wconf 84' lang='lat' dir='ltr'>cum</span> <span class='ocrx_word' id='word_1_242' title='bbox 852 3777 1060 3863; x_wconf 88' lang='lat' dir='ltr'>minus</span> <span class='ocrx_word' id='word_1_243' title='bbox 1102 3782 1412 3857; x_wconf 82' lang='lat' dir='ltr'>congruat</span> <span class='ocrx_word' id='word_1_244' title='bbox 1453 3794 1599 3844; x_wconf 90' lang='lat' dir='ltr'>cum</span> <span class='ocrx_word' id='word_1_245' title='bbox 1642 3776 2027 3843; x_wconf 80' lang='lat' dir='ltr'>devinciendi</span> <span class='ocrx_word' id='word_1_246' title='bbox 2062 3772 2371 3843; x_wconf 78' lang='lat' dir='ltr'>facultate</span> <span class='ocrx_word' id='word_1_247' title='bbox 2413 3774 2552 3843; x_wconf 90' lang='lat' dir='ltr'>eius</span> 
     </span>
     <span class='ocr_line' id='line_1_30' title="bbox 364 3884 2551 3970; baseline -0 -20"><span class='ocrx_word' id='word_1_248' title='bbox 364 3884 716 3967; x_wconf 87' lang='lat' dir='ltr'>particulae</span> <span class='ocrx_word' id='word_1_249' title='bbox 729 3932 744 3961; x_wconf 92' lang='lat'>,</span> <span class='ocrx_word' id='word_1_250' title='bbox 811 3890 915 3953; x_wconf 87' lang='lat' dir='ltr'>sat</span> <span class='ocrx_word' id='word_1_251' title='bbox 970 3886 1260 3970; x_wconf 88' lang='lat' dir='ltr'>angustis</span> <span class='ocrx_word' id='word_1_252' title='bbox 1303 3886 1597 3953; x_wconf 86' lang='lat' dir='ltr'>cancellis</span> <span class='ocrx_word' id='word_1_253' title='bbox 1640 3888 1985 3953; x_wconf 87' lang='lat' dir='ltr'>coercetur.</span> <span class='ocrx_word' id='word_1_254' title='bbox 2070 3884 2195 3951; x_wconf 86' lang='lat' dir='ltr'>Sed</span> <span class='ocrx_word' id='word_1_255' title='bbox 2238 3888 2313 3949; x_wconf 89' lang='lat' dir='ltr'>ut</span> <span class='ocrx_word' id='word_1_256' title='bbox 2356 3884 2551 3950; x_wconf 80' lang='lat' dir='ltr'>etiam</span> 
     </span>
     <span class='ocr_line' id='line_1_31' title="bbox 360 3992 2553 4077; baseline 0.001 -18"><span class='ocrx_word' id='word_1_257' title='bbox 360 3992 816 4075; x_wconf 87' lang='lat' dir='ltr'>particularum</span> <span class='ocrx_word' id='word_1_258' title='bbox 880 4004 935 4059; x_wconf 77' lang='lat' dir='ltr'>et</span> <span class='ocrx_word' id='word_1_259' title='bbox 985 4000 1053 4060; x_wconf 90' lang='lat' dir='ltr'>et</span> <span class='ocrx_word' id='word_1_260' title='bbox 1093 4004 1265 4075; x_wconf 74' lang='lat' dir='ltr'>atque</span> <span class='ocrx_word' id='word_1_261' title='bbox 1306 3992 1440 4077; x_wconf 82' lang='lat' dir='ltr'>(ac)</span> <span class='ocrx_word' id='word_1_262' title='bbox 1479 3993 1792 4060; x_wconf 86' lang='lat' dir='ltr'>rationem</span> <span class='ocrx_word' id='word_1_263' title='bbox 1838 3992 2260 4074; x_wconf 79' lang='lat' dir='ltr'>delineemuS,</span> <span class='ocrx_word' id='word_1_264' title='bbox 2316 4012 2397 4059; x_wconf 93' lang='lat' dir='ltr'>ne</span> <span class='ocrx_word' id='word_1_265' title='bbox 2449 3993 2553 4061; x_wconf 83' lang='lat' dir='ltr'>his</span> 
     </span>
     <span class='ocr_line' id='line_1_32' title="bbox 365 4088 2553 4187; baseline -0 -19"><span class='ocrx_word' id='word_1_266' title='bbox 365 4102 618 4184; x_wconf 89' lang='lat' dir='ltr'>quidem</span> <span class='ocrx_word' id='word_1_267' title='bbox 632 4088 873 4171; x_wconf 68' lang='lat' dir='ltr'>⁴&#39;varius</span> <span class='ocrx_word' id='word_1_268' title='bbox 925 4104 1032 4170; x_wconf 86' lang='lat' dir='ltr'>ille</span> <span class='ocrx_word' id='word_1_269' title='bbox 1084 4122 1238 4171; x_wconf 90' lang='lat' dir='ltr'>usus</span> <span class='ocrx_word' id='word_1_270' title='bbox 1285 4103 1636 4187; x_wconf 84' lang='lat' dir='ltr'>denegatus</span> <span class='ocrx_word' id='word_1_271' title='bbox 1678 4108 1807 4184; x_wconf 84' lang='lat' dir='ltr'>est3</span> <span class='ocrx_word' id='word_1_272' title='bbox 1870 4106 2153 4168; x_wconf 83' lang='lat' dir='ltr'>attamen</span> <span class='ocrx_word' id='word_1_273' title='bbox 2198 4104 2310 4182; x_wconf 70' lang='lat' dir='ltr'>que</span> <span class='ocrx_word' id='word_1_274' title='bbox 2352 4102 2553 4183; x_wconf 86' lang='lat' dir='ltr'>parti-</span> 
     </span>
     <span class='ocr_line' id='line_1_33' title="bbox 365 4208 2549 4293; baseline 0.001 -16"><span class='ocrx_word' id='word_1_275' title='bbox 365 4210 571 4277; x_wconf 87' lang='lat' dir='ltr'>culam</span> <span class='ocrx_word' id='word_1_276' title='bbox 625 4211 1014 4292; x_wconf 80' lang='lat' dir='ltr'>frequentari</span> <span class='ocrx_word' id='word_1_277' title='bbox 1069 4210 1240 4293; x_wconf 85' lang='lat' dir='ltr'>apud</span> <span class='ocrx_word' id='word_1_278' title='bbox 1283 4212 1595 4277; x_wconf 84' lang='lat' dir='ltr'>Senecam·</span> <span class='ocrx_word' id='word_1_279' title='bbox 1625 4211 1691 4277; x_wconf 91' lang='lat' dir='ltr'>in</span> <span class='ocrx_word' id='word_1_280' title='bbox 1726 4208 2178 4293; x_wconf 82' lang='lat' dir='ltr'>coniungendis</span> <span class='ocrx_word' id='word_1_281' title='bbox 2211 4212 2549 4280; x_wconf 85' lang='lat' dir='ltr'>contrariis</span> 
     </span>
     <span class='ocr_line' id='line_1_34' title="bbox 363 4297 2547 4405; baseline 0.002 -22"><span class='ocrx_word' id='word_1_282' title='bbox 363 4319 740 4395; x_wconf 72' lang='lat' dir='ltr'>notionibus,</span> <span class='ocrx_word' id='word_1_283' title='bbox 790 4322 908 4388; x_wconf 85' lang='lat' dir='ltr'>hoc</span> <span class='ocrx_word' id='word_1_284' title='bbox 928 4329 1200 4405; x_wconf 87' lang='lat' dir='ltr'>&#39;quoque</span> <span class='ocrx_word' id='word_1_285' title='bbox 1239 4321 1781 4389; x_wconf 83' lang='lat' dir='ltr'>substantivorum</span> <span class='ocrx_word' id='word_1_286' title='bbox 1823 4297 2547 4405; x_wconf 69' lang='lat' dir='ltr'>genere‘comprobatur.</span> 
     </span>
     <span class='ocr_line' id='line_1_35' title="bbox 365 4423 2549 4515; baseline -0.001 -20"><span class='ocrx_word' id='word_1_287' title='bbox 365 4423 600 4499; x_wconf 85' lang='lat' dir='ltr'>Infiniti</span> <span class='ocrx_word' id='word_1_288' title='bbox 641 4432 856 4497; x_wconf 83' lang='lat' dir='ltr'>autem</span> <span class='ocrx_word' id='word_1_289' title='bbox 899 4431 1108 4515; x_wconf 77' lang='lat' dir='ltr'>&#39;operis</span> <span class='ocrx_word' id='word_1_290' title='bbox 1151 4436 1322 4498; x_wconf 88' lang='lat' dir='ltr'>esset</span> <span class='ocrx_word' id='word_1_291' title='bbox 1345 4447 1567 4498; x_wconf 89' lang='lat' dir='ltr'>omnes</span> <span class='ocrx_word' id='word_1_292' title='bbox 1593 4431 1765 4497; x_wconf 87' lang='lat' dir='ltr'>locos</span> <span class='ocrx_word' id='word_1_293' title='bbox 1793 4429 2185 4512; x_wconf 86' lang='lat' dir='ltr'>perlustrare</span> <span class='ocrx_word' id='word_1_294' title='bbox 2212 4430 2373 4497; x_wconf 88' lang='lat' dir='ltr'>etin</span> <span class='ocrx_word' id='word_1_295' title='bbox 2391 4445 2549 4499; x_wconf 83' lang='lat' dir='ltr'>con-.</span> 
     </span>
    </p>
   </div>
  </div>
 </body>
</html>
