3009 5000
1525 392 1608 457 126

647 587 897 655 Rarius
931 586 1204 654 occurrit
1241 609 1372 672 que,
1413 585 1583 667 quod
1624 585 1886 666 mireris,
1936 584 2001 652 in
2055 583 2312 652 vocibus
2351 587 2542 664 fomes
2594 587 2665 650 et

467 703 627 776 sitim
675 687 1211 780 copulantur-hoc
1261 694 1446 762 modo
1493 713 1590 779 ep.
1644 678 1707 775 4}
1755 694 1851 760 10.
1912 691 1993 760 di.
2040 694 2145 759 IV·
2176 694 2276 774 19,
2318 693 2390 775 5;
2434 696 2509 760 at
2546 709 2662 775 per

469 816 526 873 et
566 807 648 874 di.
688 805 746 871 V
785 805 842 886 9,
891 808 932 872 4
995 822 1094 887 ep.
1154 805 1252 886 14,
1309 805 1352 868 6·
1398 821 1527 886 quo
1574 807 1893 886 postremo
1951 802 2091 870 leco
2143 802 2335 869 verba
2399 809 2455 868 et
2502 808 2662 868 sitim

468 933 686 982 errore
725 915 790 981 in
837 913 1219 982 editionibus
1275 913 1551 980 Fickerti
1598 919 1664 980 et
1708 911 1928 979 Haasii
1972 911 2209 980 omissa
2269 930 2305 980 e
2347 910 2661 994 codicibus

469 1043 513 1108 p
552 1029 621 1092 et
661 1025 712 1090 P
756 1023 1150 1091 restituenda
1194 1040 1334 1092 esse
1389 1028 1607 1088 monet
1648 1019 1979 1088 Chatelain
2014 1022 2081 1087 in
2131 1019 2483 1088 Annalibus
2523 1019 2661 1100 qui-

469 1134 588 1201 bus
645 1132 1007 1200 inscribitur
1062 1131 1278 1196 Revue
1335 1131 1415 1197 de
1465 1129 1824 1216 Philologie
1894 1129 2057 1198 1877
2113 1150 2174 1214 p.
2232 1129 2351 1196 105
2366 1179 2383 1210 ,
2436 1146 2552 1212 per
2590 1151 2663 1196 ao

471 1243 554 1309 di.
598 1244 630 1310 I
671 1245 732 1322 3,
775 1243 835 1308 2.
884 1241 968 1307 di.
1007 1237 1100 1306 IX
1144 1240 1241 1321 11,
1286 1240 1380 1306 10.
1425 1238 1511 1307 di.
1554 1239 1677 1306 XII
1725 1240 1822 1322 10,
1867 1243 1926 1306 2.

670 1352 884 1432 Atque
954 1343 1112 1416 adeo
1168 1348 1410 1416 nullum
1467 1349 1827 1432 exemplum
1882 1371 1994 1430 que
2048 1348 2401 1433 particulae
2453 1347 2664 1414 inveni

473 1461 537 1529 in
579 1460 1033 1543 compositione
1074 1458 1408 1526 verborum
1452 1463 1687 1536 ferrum
1726 1463 1793 1526 et
1833 1465 2017 1541 imin
2060 1463 2405 1538 namferro
2434 1467 2491 1526 et
2528 1465 2665 1540 ique

453 1569 706 1652 ,legitur
745 1588 846 1652 ep.
905 1569 964 1653 7,
1003 1569 1062 1634 4.
1106 1585 1167 1633 n.
1213 1585 1273 1648 q.
1322 1567 1355 1632 I
1396 1586 1492 1650 pr.
1536 1569 1595 1633 8.
1642 1567 1777 1632 di.I
1821 1569 1881 1650 3,
1926 1570 1984 1634 2.
2024 1576 2067 1634 i.
2111 1590 2180 1634 ae
2218 1574 2266 1646 t.
2298 1567 2462 1635 din
2500 1570 2561 1650 2,
2603 1569 2662 1633 2.

472 1678 651 1745 Licet
705 1679 805 1745 his
865 1677 1198 1759 postremis
1255 1676 1563 1760 exemplis
1618 1675 1809 1758 plura
1855 1675 2063 1743 adbuc
2119 1673 2442 1743 addantur
2500 1694 2667 1761 quae

471 1797 649 1870 atque
689 1787 1068 1872 particulam
1112 1785 1466 1866 ostendant,
1514 1783 1663 1850 nihil
1714 1789 1929 1852 tamen
1971 1803 2049 1852 ea
2090 1803 2161 1851 re
2202 1785 2547 1870 derogatur
2588 1785 2669 1852 de

471 1897 743 1965 veritate
825 1895 1085 1980 regulae
1165 1913 1361 1977 supra
1423 1898 1831 1960 memoratae.
1934 1893 2105 1960 Nihil
2172 1911 2323 1978 ergo
2386 1891 2671 1963 officiunt

475 1995 595 2072 1οοί
637 2003 734 2071 hi:

595 2126 743 2186 ‘spes
777 2129 844 2170 ae
877 2119 1049 2168 metus
1088 2130 1176 2184 ep.
1215 2113 1299 2183 13,
1342 2113 1423 2180 18.
1462 2129 1550 2182 ep.
1589 2113 1709 2181 110,
1750 2113 1803 2167 4.
1838 2112 1892 2168 d.
1924 2113 1979 2168 b.
2018 2111 2200 2184 1v11‚
2238 2115 2287 2168 5.
2360 2112 2666 2170 deminutio

622 2216 784 2282 atque
820 2207 1053 2265 adiectio
1089 2225 1174 2279 ep.
1213 2211 1300 2274 58,
1337 2211 1423 2267 22.
1514 2214 1710 2266 auctus
1754 2225 1818 2265 ae
1862 2209 2242 2265 detrimentum
2278 2210 2353 2264 di.
2390 2210 2493 2265 VII
2527 2211 2580 2280 4,
2616 2209 2668 2265 3.

620 2306 952 2363 intensiones
986 2323 1054 2362 ae
1089 2305 1429 2362 remissiones
1466 2323 1521 2360 n.
1561 2323 1613 2377 q.
1650 2303 1755 2360 VII
1797 2308 1844 2375 1,
1879 2309 1931 2361 3.
2012 2306 2258 2362 avaritia
2300 2310 2465 2378 atque
2508 2306 2669 2362 luxu-

599 2383 718 2458 'rio
763 2420 847 2472 ep.
895 2403 981 2466 90,
1030 2403 1114 2457 86.
1205 2402 1486 2458 comoedia
1532 2419 1598 2457 ac
1642 2401 1929 2473 trayoedia
1975 2420 2061 2474 ep.
2104 2404 2157 2468 8,
2200 2405 2249 2457 8.
2280 2418 2287 2429 ·
2343 2401 2571 2458 consilio
2608 2416 2673 2457 ac

620 2516 790 2556 manu
826 2500 878 2554 d.
917 2496 974 2555 b.
1010 2498 1092 2554 111
1129 2499 1216 2569 29,
1255 2502 1304 2555 7.
1378 2500 1566 2555 animo
1602 2499 1767 2555 simul
1799 2516 1867 2555 ae
1899 2515 2069 2553 manu
2098 2499 2173 2553 di.
2211 2499 2257 2554 V
2278 2501 2330 2567 3,
2368 2502 2417 2555 3.
2490 2499 2673 2555 virtus

620 2614 688 2654 ac
722 2597 920 2652 vitium
953 2614 1040 2666 ep.
1077 2597 1163 2666 95,
1204 2596 1292 2651 65.
1357 2596 1593 2667 privata
1628 2612 1696 2651 ae
1714 2595 1941 2665 publiea
1977 2594 2052 2649 di.
2095 2596 2118 2651 1
2156 2596 2209 2666 5,
2244 2596 2295 2652 7.
2363 2594 2569 2662 falsum
2606 2610 2672 2651 ac

619 2710 804 2750 verum
840 2692 899 2747 di
934 2692 960 2745 1
994 2695 1044 2747 4.
1083 2693 1168 2748 10.
1239 2692 1406 2747 utilia
1441 2697 1605 2763 atque
1640 2692 1869 2748 inutilia
1903 2710 1985 2762 ep.
2026 2694 2115 2756 90,
2154 2693 2203 2747 5.
2298 2691 2471 2764 diona
2507 2697 2672 2763 atque

619 2788 857 2860 indique
889 2789 966 2844 di.
1004 2786 1080 2845 VI
1118 2786 1203 2860 10,
1238 2789 1290 2845 6.
2592 2772 2597 2779 ’

690 2886 971 2953 Alterius
1029 2886 1276 2969 generis
1333 2885 1502 2968 quod
1558 2890 1658 2953 est
1702 2886 2026 2953 nominum
2068 2906 2149 2953 ex
2197 2888 2443 2955 unitate
2482 2886 2673 2971 signi·
2720 2858 2728 2869 ⁸

479 2993 788 3075 ficationis
831 2996 949 3063 sibi
998 2993 1317 3076 adfinium,
1375 3013 1502 3059 non
1546 2996 1699 3063 item
1742 2995 1931 3077 plena
1987 3015 2181 3063 manu
2226 2996 2512 3079 exempla
2556 3012 2671 3061 nos

479 3103 794 3173 effusuros
855 3122 992 3171 esse
1045 3104 1337 3175 diximus,
1445 3104 1661 3171 Pauca
1716 3109 1932 3171 tamen
1982 3106 2191 3185 quoad
2235 3104 2549 3173 sufficiant
2590 3104 2673 3170 ad

482 3213 944 3280 inlustrandam
968 3212 1280 3279 rationem
1322 3212 1488 3278 inter
1532 3236 1645 3293 que
1682 3216 1751 3279 et
1767 3223 1943 3294 atque
1962 3214 2477 3294 intercedentem,
2522 3231 2675 3297 pace

479 3328 597 3390 tua
637 3322 1104 3406 deprompsero.
1191 3321 1288 3387 De
1348 3326 1486 3387 toto
1542 3322 1796 3404 quidem
1844 3339 2076 3404 genere
2124 3322 2180 3388 si
2231 3321 2451 3388 dixero
2503 3331 2677 3405 atque

485 3433 632 3513 plus
675 3430 910 3513 duplici
938 3444 1204 3496 numero
1233 3430 1522 3523 superari
1566 3448 1606 3495 a
1650 3454 1760 3511 que
1801 3430 2133 3513 particula,
2179 3449 2219 3496 a
2248 3447 2397 3496 vero
2439 3446 2541 3497 me
2579 3447 2676 3495 re·

485 3540 747 3607 cessisse
795 3556 919 3605 non
958 3544 1134 3621 puto.
1218 3537 1343 3604 Sed
1382 3544 1621 3619 quanto
1666 3539 1865 3606 maior
1908 3540 1995 3606 sit
2039 3539 2227 3607 huius
2270 3557 2461 3621 qnam
2502 3538 2676 3605 illius

482 3650 747 3733 copulae
788 3666 944 3715 usus
984 3648 1229 3732 aliquot
1265 3648 1557 3731 exempla
1602 3648 1959 3717 ostendent.

697 3756 795 3823 Ad
841 3757 1270 3841 componenda
1299 3756 1493 3833 verba
1530 3780 1677 3823 usus
1719 3762 1786 3825 et
1819 3740 2075 3842 fraenos,
2117 3775 2283 3839 quae
2304 3756 2677 3839 plerumque

483 3847 851 3943 ἀσυνδέτως
912 3870 1253 3948 ponuntur,
1313 3887 1425 3946 que
1487 3864 1776 3931 adhibuit
1840 3864 2077 3933 Seneca
2139 3864 2513 3945 quinquiens
2577 3882 2675 3949 ep.

490 3975 590 4057 14,
636 3975 734 4041 17.
779 3994 876 4058 ep.
927 3974 1028 4057 73,
1077 3976 1135 4041 9.
1191 3992 1286 4058 ep.
1347 3975 1452 4055 98,
1506 3975 1605 4040 11.
1660 3974 1743 4039 di.
1789 3974 1873 4040 VI
1930 3974 2025 4055 10,
2084 3975 2142 4037 2.
2196 3972 2280 4041 di.
2323 3972 2415 4039 XI
2463 3974 2558 4055 10,
2604 3976 2676 4057 6;

487 4104 602 4153 nec
641 4086 826 4166 alius,
869 4085 931 4151 ni
969 4084 1173 4167 fauor,
1234 4086 1298 4151 in
1349 4083 1446 4149 his
1487 4082 1701 4149 verbis
1742 4082 2193 4165 coniungendis
2244 4081 2471 4149 modus
2511 4083 2681 4164 apud

488 4194 794 4263 Senecam
835 4194 1168 4261 invenitur.
1265 4192 1438 4259 Idem
1485 4191 1578 4273 fit,
1639 4191 1807 4272 quod
1860 4208 1985 4256 non
2024 4191 2118 4257 ita
2162 4192 2428 4273 mireris,
2470 4192 2535 4257 in
2580 4210 2676 4259 se·

489 4303 829 4386 quentibus
867 4302 1209 4384 exemplisz
2544 4342 2549 4349 .

617 4412 918 4483 pracipes
949 4426 1149 4482 πνρας.
1185 4411 1240 4467 d.
1277 4412 1346 4467 cl.
1386 4411 1410 4464 1
1445 4413 1499 4479 4,
1532 4413 1585 4467 3.
1622 4409 1678 4466 d.
1700 4411 1785 4466 ·cl.
1814 4410 1866 4465 11
1899 4410 2017 4475 1,8.
2054 4410 2109 4466 d.
2138 4410 2209 4465 ol.
2246 4408 2301 4464 11
2342 4410 2395 4475 5,
2433 4413 2482 4464 2.
2549 4424 2686 4480 ρεη-
