3009 5000
1570 359 1655 453 ἑῇ

518 563 731 648 autem
777 562 920 631 ,est
955 557 1318 646 meritoque.
1335 576 1414 648 ·;{¹·
1443 558 1631 660 siris,
1664 556 1925 646 doctis„
1956 555 2364 642 ,Madvigium
2400 583 2409 594 v
2434 554 2581 624 dico
2642 558 2709 625 et

515 669 855 750 Handium,
902 669 1159 736 reicitur
1201 677 1414 754 et-qne,
1444 667 1627 756 quod
1671 666 1927 751 Seneca,
1970 666 2024 732 si
2048 664 2341 732 Fickerto
2367 665 2705 744 credimus

512 777 803 864 adhibuit
867 775 1408 858 consentientibus,
1457 775 1511 840 B
1538 805 1543 810 ·
1574 777 1641 839 et
1691 775 1745 842 E
1788 793 1847 862 n,
1885 792 1945 856 q.
1986 773 2083 864 JV
2124 776 2189 855 2,
2231 776 2311 840 22
2364 797 2495 840 cum
2550 796 2707 838 rese—

513 893 708 954 derint
747 885 1054 967 (etesiae),
1103 893 1176 948 et·
1194 889 1440 971 pelagus
1475 888 1820 971 conquiescit
1843 889 2145 963 minorque
2172 889 2543 950 descendenti
2569 889 2707 946 inde

509 1001 600 1060 vis
639 999 784 1062 Nilo
838 1002 941 1061 est.
1025 991 1148 1058 Sed
1197 992 1272 1058 lis
1331 997 1428 1058 est
1479 991 1561 1058 de
1602 991 1815 1060 codice
1858 991 1929 1065 E,
1992 991 2172 1056 cuius
2218 991 2283 1057 in
2324 989 2565 1057 Herelii
2601 1008 2706 1058 ex-

510 1103 744 1192 cerptis
787 1103 942 1190 11666
984 1100 1188 1168 fertur
1229 1102 1547 1192 scriptura.
1589 1124 1718 1166 cwm
1756 1106 2039 1192 resederit
2066 1107 2311 1182 pelagus
2336 1107 2699 1186 conquiescit.

517 1209 783 1298 Scripsit
824 1211 996 1276 haud
1036 1210 1224 1277 dubie
1269 1209 1506 1279 Seneca
1530 1233 1661 1277 enm
1684 1215 2025 1286 resederint,
2066 1215 2311 1292 palaque
2336 1215 2710 1288 conquiescit.

513 1325 624 1384 Et·
599 1342 696 1388 -ae
736 1318 815 1410 eb
859 1318 1076 1383 eodem
1121 1317 1370 1384 Handio
1414 1317 1477 1382 II
1508 1335 1570 1398 p.
1594 1317 1717 1382 529
1750 1317 2023 1383 sermoni
2052 1316 2249 1382 latino
2278 1317 2701 1383 abiudicatur.

513 1427 673 1520 Nam
716 1429 876 1494 duos
919 1425 1030 1510 qui
1074 1426 1128 1490 ei
1170 1425 1581 1492 innotuerant
1621 1425 1827 1490 locos
1811 1443 1941 1511 ipse
1980 1425 2287 1523 repudiat,
2335 1424 2549 1502 Quint.
2579 1423 2699 1490 XII

516 1512 610 1630 10,
661 1537 747 1602 64
789 1545 845 1600 et
901 1543 1070 1616 copia
1109 1541 1415 1600 verborwm
1457 1543 1632 1614 atque
1668 1539 1897 1616 inpetu
1936 1533 2039 1598 ubi
2086 1543 2140 1598 et
2179 1533 2511 1600 delendum
2554 1552 2695 1600 cen-

509 1625 625 1724 set,
669 1649 734 1709 et
776 1649 948 1714 recte
993 1642 1244 1725 quidem
1287 1661 1430 1708 cum
1472 1661 1546 1708 ex
1591 1642 1801 1722 priore
1831 1642 2134 1708 versiculo
2166 1643 2335 1708 111616
2362 1645 2702 1728 repetitum

511 1753 616 1820 sit.
698 1753 860 1820 Tum
923 1769 1090 1832 quae
1145 1752 1314 1848 spud
1365 1752 1732 1824 Diomedem
1784 1751 2033 1836 legerat
2074 1751 2267 1818 verba
2330 1761 2385 1817 et
2440 1758 2705 1832 diynitas

509 1871 683 1941 atque
714 1871 991 1940 potestas,
1038 1861 1128 1926 ita
1170 1841 1370 1940 nu'per
1413 1859 1605 1926 edidit
1646 1857 1889 1954 Kenius
1932 1849 1992 1942 ’μ
2029 1860 2173 1940 467,
2217 1861 2299 1924 32
2343 1869 2397 1926 et
2441 1865 2704 1942 atynitas

511 1979 566 2035 et
625 1979 886 2050 potestas
949 1970 1128 2034 1111116
1189 1971 1496 2057 adnotata
1556 1968 1979 2049 discrepantia
2042 1969 2366 2034 librorum.
2458 1969 2704 2036 Adiecit

508 2078 624 2174 his·
663 2078 968 2160 exemplis
1007 2078 1367 2160 Draegerus
1420 2095 1480 2158 p.
1527 2077 1604 2143 77
1662 2082 1734 2142 ut-
1774 2076 2142 2144 defenderet
2182 2086 2333 2144 et-ac
2376 2073 2705 2159 complura

510 2186 654 2254 alia.
742 2186 866 2254 Sed
919 2189 1090 2268 apud
1139 2186 1269 2252 Cic.
1315 2187 1374 2271 d.
1421 2185 1478 2252 d.
1525 2205 1584 2250 n.
1629 2187 1661 2250 I
1721 2187 1816 2264 19,
1862 2187 1944 2250 50
2002 2210 2229 2252 sumna
2282 2209 2417 2252 vero
2480 2193 2571 2252 vis
2612 2193 2705 2266 111·-1

505 2302 758 2372 finitatis
825 2305 880 2360 et
941 2319 1159 2377 maana
1220 2319 1292 2361 ac
1353 2301 1620 2376 diliyenti
1682 2302 2159 2374 contemplatione
2215 2301 2565 2375 dionissima
2616 2303 2704 2360 esi

511 2404 688 2473 male
737 2404 903 2485 cepit
963 2425 1222 2495 summa,
1277 2421 1444 2484 quae
1493 2421 1611 2466 vox
1646 2420 1771 2466 non
1816 2401 2139 2467 adtributa
2184 2401 2293 2470 sed
2335 2402 2705 2486 praedicata

509 2513 872 2595 accipienda
933 2517 1048 2578 est
1150 2514 1369 2577 Altero
1434 2512 1569 2579 loco
1639 2511 2020 2577 Suetoniano
2085 2512 2148 2576 in
2212 2530 2266 2577 v,
2337 2511 2559 2577 Claud.
2622 2511 2702 2577 21

417 2605 424 2609 ¹
513 2632 774 2719 utraque
831 2632 888 2687 et
951 2627 1137 2698 tofina
1199 2644 1272 2687 ac
1325 2628 1524 2701 liqnea
1566 2621 1731 2684 unde
1774 2623 1981 2685 ortum
2029 2620 2111 2686 sit
2156 2630 2211 2686 et
2250 2622 2317 2687 in
2360 2622 2702 2702 propatulo

510 2736 630 2799 est.
714 2731 902 2813 Apud
944 2720 1230 2797 Tacitum
1291 2728 1438 2795 dial.
1491 2730 1572 2795 14
1614 2725 1756 2811 post
1800 2731 2015 2795 'vocem
2058 2734 2373 2808 adfecisset
2409 2730 2703 2807 lacunam

509 2838 908 2909 statuendam
952 2856 1088 2905 esse
1130 2845 1300 2904 recte
1336 2855 1537 2919 nuper
1564 2835 1989 2903 Buechelerus
2024 2837 2084 2901 in
2118 2838 2453 2903 seminario
2484 2842 2707 2905 nostro

507 2947 848 3033 philologo
875 2949 1139 3016 censuit.
1228 2946 1513 3027 Denique
1564 2945 1733 3029 apud
1775 2946 2181 3014 Lactantium
2225 2946 2278 3012 V
2320 2947 2381 3025 9,
2424 2948 2504 3011 22
2546 2953 2708 3015 vide-

507 3067 612 3123 ant
673 3066 742 3128 et
793 3080 856 3127 ee
920 3080 992 3123 ac
1053 3078 1189 3122 suos
1251 3078 1320 3120 ea
1360 3078 1529 3135 qnae
1593 3061 1851 3121 dicimus
1907 3078 2115 3139 qerere
2174 3072 2245 3119 ex
2290 3042 2707 3121 antecedente

505 3147 726 3233 littera
783 3176 837 3233 et
891 3170 1108 3233 natum
1176 3182 1313 3245 esse
1371 3164 1502 3247 ipse
1558 3164 1921 3248 Draegerus
1964 3164 2326 3245 suspicatus
2373 3151 2490 3229 est.
2579 3163 2707 3229 Sed

509 3260 833 3369 videsmus
891 3276 970 3341 de
1015 3275 1150 3339 1060
1196 3273 1537 3339 Α1111666110
1582 3269 1645 3336 (1.
1676 3272 1733 3337 b.
1766 3272 1859 3337 111
1909 3273 2005 3353 15,
2054 3274 2093 3336 3
2134 3296 2166 3337 ο
2209 3280 2437 3353 turpem
2460 3279 2707 3338 hnmani

506 3391 738 3465 qeneris
780 3392 835 3449 et
876 3390 1119 3461 frondis
1161 3406 1234 3447 ac
1271 3389 1565 3461 nequitiae
1604 3388 1876 3460 publicae
1900 3388 2329 3460 confessionem.
2420 3376 2479 3443 N
2480 3400 2585 3445 6111
2616 3381 2705 3447 sic

513 3511 658 3559 cum
700 3493 764 3555 111
808 3492 1122 3575 plerisque
1143 3489 1454 3557 codicibus
1481 3496 1619 3557 tum
1644 3490 1703 3554 in
1728 3488 1785 3553 N
1808 3489 2030 3571 fertur.
2076 3488 2373 3555 Reddidit
2394 3488 2707 3581 116116166-

509 3583 746 3667 tionem
784 3599 1143 3683 Fickertus,
1197 3598 1566 3665 dubitanter
1604 3592 1818 3664 temen
1864 3608 1918 3665 et
1958 3615 2071 3681 pro
2116 3621 2187 3664 ac
2229 3590 2415 3665 scribi
2458 3586 2701 3664 maluit.

511 3709 784 3775 Haasius
850 3713 1067 3775 autem
1127 3692 1194 3773 et
1248 3708 1620 3775 novissimus
1682 3707 1890 3773 editor
1950 3707 2241 3774 Gertzius
2299 3705 2591 3773 delerunt
2633 3716 2705 3773 et.

510 3818 732 3883 Dicam
788 3818 938 3898 quid
991 3818 1126 3899 ipse
1182 3816 1470 3883 iudicem.
1557 3822 1643 3884 Et
1684 3822 1751 3883 et
1790 3840 1860 3883 ac
1904 3817 1957 3883 si
2007 3832 2123 3899 pro
2168 3825 2306 3881 et-et
2347 3815 2551 3896 posita
2588 3834 2703 3897 pu-

505 3932 698 4007 tares,
722 3945 810 4021 ¹ne
827 3925 950 3991 hoc
971 3925 1223 4008 quidem
1246 3906 1745 4007 intellegeretur,
1778 3943 1889 3990 cur
1910 3925 2001 3991 ita
2025 3926 2292 4013 scriptor
2311 3922 2504 3990 verba
2524 3929 2702 4002 frans

508 4026 576 4104 et
601 4043 866 4117 nequitia
892 4036 1054 4103 idem
1079 4030 1212 4125 fere
1234 4034 1513 4101 valentia
1537 4034 1912 4101 distinxerit.
1976 4030 2200 4101 Deleto
2229 4037 2443 4099 autem
2470 4044 2524 4099 et
2545 4035 2700 4116 dup-

510 4144 610 4210 lici
652 4146 839 4211 modo
882 4143 1116 4211 secerni
1157 4147 1422 4227 possunt
1449 4139 1661 4229 verba,
1702 4150 1944 4223 fraudis
1987 4142 2153 4207 enim
2182 4138 2295 4209 a'ut
2324 4131 2701 4208 trahenduni

511 4259 612 4331 est
665 4255 747 4321 ad
795 4261 1036 4325 hnmani
1071 4262 1330 4339 generis,
1387 4253 1555 4336 quod
1598 4253 1881 4336 improbo
1920 4258 2179 4336 propter
2218 4250 2699 4319 similitudinem

513 4350 929 4457 epithetorum
973 4371 1216 4431 hnmani
1253 4370 1486 4447 yeneris
1512 4370 1579 4457 et
1603 4370 1891 4445 publicae,
1934 4368 2049 4429 aut
2077 4363 2278 4429 artius
2312 4362 2700 4445 coniungen-
