3009 5000
1558 396 1667 472 '50

527 611 669 658 rum
713 594 820 662 ille
861 593 1120 662 exhibet
1158 600 1484 676 multaeque
1524 601 1732 662 hodie
1766 605 1967 676 qentes
2001 606 2155 674 mit,
2186 597 2413 666 melius
2435 596 2539 716 bic
2562 604 2711 664 mnd-

517 711 612 770 tae
668 709 1030 785 hodieque
1069 729 1128 786 9.
1171 729 1221 771 s.

719 819 1156 896 Quandoque
1213 831 1327 880 sex
1385 813 1541 879 locis
1580 813 1675 878 ita
1716 818 2094 895 usurpatum
2138 818 2262 896 est,
2309 821 2382 882 ut
2428 817 2511 882 eit
2551 815 2718 883 idem

522 922 688 1004 quod
731 928 1089 1002 aliquando:

654 1030 940 1100 profunda
971 1047 1146 1100 supra
1179 1047 1281 1086 noe
1315 1029 1550 1086 altitudo
1584 1030 1840 1101 tamaris
1871 1030 2061 1093 veniet,
2091 1047 2277 1100 pauca
2291 1033 2527 1104 ingenia
2550 1039 2717 1104 caput

663 1123 906 1172 exuerent
945 1123 994 1172 et
1030 1119 1093 1172 in
1126 1117 1268 1172 idem
1302 1117 1695 1188 quandoque
1729 1117 2006 1172 silentium
2040 1119 2261 1174 abitura
2294 1121 2555 1176 oblivioni
2586 1120 2715 1176 reei-

659 1211 801 1263 etent
822 1223 907 1276 ep.
929 1207 1080 1271 21,5.
1156 1211 1216 1261 ut
1252 1205 1639 1277 quandoque
1674 1206 1937 1260 moriaris
1961 1206 2123 1261 etiam
2154 1207 2330 1263 invito
2342 1209 2583 1276 positum
2619 1213 2715 1276 eet,

655 1301 719 1350 ut
752 1311 872 1351 cum
907 1295 1047 1351 voles
1083 1295 1146 1349 in
1187 1301 1288 1350 tua
1319 1311 1488 1350 manu
1532 1299 1611 1349 eet
1646 1311 1731 1365 ep.
1775 1297 1894 1364 117,
1932 1296 2016 1348 22.
2108 1311 2204 1350 nee
2249 1297 2599 1364 committam,
2644 1301 2708 1351 ut

651 1384 834 1452 possit
869 1383 1246 1454 quandoque
1279 1383 1456 1440 dicere
1491 1384 1546 1438 d.
1582 1383 1637 1438 b.
1676 1381 1731 1436 11
1756 1384 1838 1452 14,
1866 1385 1918 1438 5.
1982 1399 2053 1438 ne
2083 1383 2161 1438 eit
2196 1384 2596 1454 quandoque
2630 1399 2713 1440 ve-

659 1473 741 1527 lut
759 1471 822 1526 in
861 1487 996 1527 novo
1031 1488 1190 1542 opere
1223 1471 1366 1528 dasra
1401 1471 1613 1554 motitio
1648 1489 1705 1526 n.
1728 1489 1781 1540 q.
1798 1469 1877 1526 111
1906 1471 1993 1540 80,
2020 1473 2067 1524 1.
2137 1471 2323 1542 (quos)
2358 1473 2525 1528 hasta
2554 1487 2735 1544 pmcn

661 1562 802 1616 toris
821 1559 1025 1628 infami
1042 1563 1190 1616 lucro
1227 1566 1276 1616 et
1312 1559 1711 1630 quandoque
1734 1565 2113 1632 suppuraturo
2138 1565 2341 1616 exercet
2366 1559 2514 1617 di.X
2542 1562 2625 1621 12,
2665 1563 2714 1616 1.

658 1653 762 1704 etet
797 1649 1016 1705 licet...
1064 1664 1242 1718 supra
1274 1664 1356 1702 me
1393 1648 1795 1718 quandoque
1830 1649 1935 1703 erit
1971 1667 2025 1702 n.
2065 1666 2118 1718 q.
2157 1649 2235 1704 VI
2270 1649 2324 1717 2,
2364 1649 2415 1703 ’1.

716 1745 849 1811 Nee
891 1745 1096 1811 minus
1139 1763 1328 1827 saepe
1356 1745 1806 1812 coniunctionis
1843 1745 2208 1826 temporalis
2237 1745 2372 1812 vice
2400 1743 2705 1828 fungitur,

519 1862 593 1922 ut
657 1853 964 1940 significet
1013 1861 1248 1945 quando¹
1263 1904 1277 1931 ‚
1333 1859 1599 1920 simulac.
1684 1855 1897 1934 Atque
1954 1854 2035 1921 ab
2092 1854 2260 1919 omni
2317 1853 2715 1919 dubitatione

517 1965 752 2032 absunt
792 1981 956 2046 quae
1001 1967 1299 2030 secuntur
1341 1963 1622 2045 exempla
1666 1964 1829 2029 tria:

664 2073 804 2139 ideo,
842 2071 1221 2142 quandoque
1262 2071 1486 2126 ultimus
1542 2071 1657 2126 dies
1691 2072 1914 2142 venerit,
1949 2087 2064 2127 non
2106 2072 2455 2127 cunctabitur
2498 2071 2722 2141 capiens

656 2163 738 2219 ire
771 2161 846 2217 ad
880 2165 1102 2217 mortem
1139 2165 1280 2217 certo
1315 2159 1498 2230 qradu
1532 2159 1607 2216 di.
1644 2160 1696 2214 X
1735 2162 1817 2229 11,
1854 2161 1906 2215 2.
1988 2175 2115 2231 erqo
2162 2159 2563 2229 quandoque
2592 2157 2721 2230 pla-

659 2266 815 2306 cuere
855 2266 943 2306 res
976 2266 1150 2305 novae
1183 2250 1402 2312 mundo,
1455 2250 1541 2306 sic
1572 2251 1637 2304 in
1669 2263 1767 2305 nos
1818 2265 1967 2306 mare
2024 2250 2295 2308 emittitur
2352 2249 2593 2320 deeiwer,
2652 2253 2719 2304 ut

660 2357 714 2394 n.
753 2356 806 2408 q.
845 2338 928 2393 111
961 2341 1049 2408 28,
1088 2341 1138 2393 7.
1210 2354 1344 2408 quae
1377 2355 1490 2394 non
1516 2344 1696 2410 poteet
1746 2355 1933 2394 amare
1967 2339 2214 2394 sincerus
2258 2339 2477 2394 animus
2496 2354 2580 2400 'ac
2612 2354 2715 2394 na-

655 2432 817 2485 turae
853 2443 986 2482 cuae
1007 2443 1203 2482 memor
1225 2427 1358 2482 levis
1377 2427 1512 2496 ipse,
1549 2442 1738 2496 expers
1762 2432 1813 2482 et
1840 2427 2235 2499 quandoque
2270 2428 2499 2482 emissus
2522 2425 2717 2495 fuerit,

663 2515 739 2570 ad
774 2531 999 2579 ‘suma
1055 2517 1384 2571 emicaturus
1425 2516 1501 2570 di.
1540 2516 1642 2570 XII
1683 2517 1775 2583 11,
1819 2518 1870 2571 6.
1932 2517 2193 2571 mendum
2239 2517 2387 2586 quod
2431 2517 2489 2571 in
2526 2515 2718 2571 verbis

659 2604 786 2659 levis
819 2604 939 2675 ipse
974 2621 1167 2675 expers
1203 2604 1586 2674 deprenditur,
1616 2604 1931 2675 Madvigius
1966 2607 2050 2659 ita
2086 2606 2377 2659 sustulisse
2413 2603 2521 2659 eibi
2556 2602 2712 2659 visus

659 2696 763 2760 est,
825 2694 891 2745 ut
945 2692 1218 2747 scriberet
1273 2693 1454 2747 oneris
1507 2692 1626 2763 ipse
1668 2708 1875 2763 effere.
1962 2692 2141 2762 Mag-ie
2190 2696 2380 2746 tamen
2418 2690 2713 2746 Goerenzii

661 2778 931 2835 iudicium
968 2779 1190 2835 adridet
1225 2780 1468 2851 emporis
1503 2785 1634 2849 poet
1669 2796 1860 2853 cupere
1896 2779 2217 2850 inserentis,
2260 2780 2370 2835 nisi
2396 2780 2547 2851 quod
2571 2778 2720 2833 male

666 2872 718 2923 et
755 2872 886 2922 ante
921 2867 1248 2938 quandoque
1280 2869 1460 2923 eiecit.

718 2962 928 3029 Erunt
969 2964 1238 3031 fortasse
1280 2965 1507 3045 quibus
1553 2966 1920 3047 scrupulum
1959 2970 2256 3033 moveant
2294 2966 2413 3033 loci
2443 2982 2713 3045 sequen-

517 3079 633 3141 tes.
739 3079 894 3156 Quia
951 3080 1041 3140 vis
1099 3081 1226 3141 eius
1282 3082 1500 3140 invicta
1570 3085 1679 3154 est,
1754 3099 1792 3155 q
1808 3062 2187 3156 nandoque
2249 3081 2472 3164 lassata
2528 3079 2721 3152 fuerit

519 3188 790 3263 operibus
849 3189 1049 3260 editis,
1101 3190 1167 3249 in
1219 3190 1413 3264 iqnem
1462 3205 1767 3249 recessura
1808 3183 1867 3249 d.
1912 3182 1961 3247 Ι.
2003 3183 2096 3249 IV
2140 3184 2197 3263 8,
2249 3184 2302 3248 1.
2389 3180 2518 3247 Nos
2561 3199 2715 3247 vero

514 3298 734 3357 invicta
789 3294 856 3355 et
903 3314 1210 3357 recessura
1253 3280 1620 3368 ἆσυνδέτως
1658 3293 1883 3373 posita.¹
1905 3310 2045 3359 esse
2086 3297 2457 3359 statuemus.
2535 3291 2721 3356 Alter

518 3398 691 3465 loeus
731 3404 832 3467 est
869 3398 953 3465 di.
1003 3398 1125 3464 VII
1167 3401 1268 3479 20,
1312 3400 1350 3464 5
1397 3399 1501 3465 ubi
1544 3400 1767 3466 seriem
1810 3400 2322 3481 admonitionum,
2371 3417 2535 3481 quae
2563 3400 2713 3465 inde

521 3526 560 3573 a
604 3507 639 3590 ἓ
683 3509 724 3572 3
767 3507 947 3573 nulla
1009 3506 1386 3590 interposita
1447 3507 1765 3590 particula
1816 3526 1958 3577 sese
2007 3508 2349 3592 excipiunt,
2411 3508 2721 3574 claudunt

520 3617 713 3682 verba
755 3617 913 3683 haec
956 3624 1387 3698 quandoque
1429 3626 1535 3682 aut
1574 3626 1797 3683 natura
1836 3624 2115 3699 spiritum
2150 3627 2369 3697 repetet
2410 3625 2516 3683 aut
2559 3623 2720 3682 ratio

523 3731 774 3790 dimittet
807 3734 1051 3791 testatus
1078 3730 1243 3791 exibo
1286 3731 1496 3790 bonam
1532 3747 1621 3790 me
1665 3731 2071 3791 conscientiam
2094 3748 2337 3792 amasse.
2413 3725 2549 3803 Quo
2579 3724 2715 3789 loco

521 3835 577 3901 si
649 3836 788 3915 quis
851 3834 1084 3901 iudicet
1158 3838 1549 3915 postremum
1620 3834 1973 3901 membrum
2035 3834 2349 3917 particula
2408 3856 2518 3915 que
2568 3851 2712 3899 cum

521 3942 835 4026 prioribus
879 3942 1190 4026 coniungi,
1236 3960 1354 4026 ego
1399 3946 1573 4008 certe
1613 3960 1742 4008 non
1786 3940 2236 4022 adstipulabor.

720 4052 807 4118 Et
849 4052 930 4119 ab
975 4051 1074 4119 his
1117 4056 1184 4119 et
1227 4053 1305 4118 ab
1351 4052 1480 4119 illis
1522 4051 1697 4135 prius
1739 4048 2031 4138 indicatis
2078 4050 2376 4134 exemplis
2418 4051 2717 4119 differunt

524 4162 648 4229 duo
689 4162 874 4230 haee:

721 4276 1167 4353 discendumque
1205 4276 1356 4337 nihil
1390 4279 1669 4337 interesse
1706 4276 1940 4351 quando
1973 4275 2261 4349 patiaris,
2326 4276 2481 4349 quod
2518 4294 2707 4350 quan·

609 4388 794 4462 doque
825 4388 1174 4462 patiendum
1215 4389 1301 4445 est
1342 4398 1440 4461 ep.
1494 4380 1777 4461 101,15.
