3009 5000
1594 395 1684 478 ’δὲ

552 603 655 672 ani
698 607 898 686 locuS,
947 607 1052 673 ubi
1085 609 1354 692 positum
1402 616 1499 677 est
1542 619 1904 696 quandoque,
1935 611 2056 677 VII
2085 613 2144 694 8,
2187 614 2226 677 6
2268 634 2387 677 non
2427 619 2514 702 est
2550 615 2740 689 scrip-

552 723 712 780 tum.
737 764 754 781 .
778 764 793 778 .
847 725 914 780 ut
955 724 1408 798 quandoque
1449 731 1630 800 rapta
1673 731 1844 801 optet,
1889 737 1999 785 nec
2042 718 2401 786 laudandus
2443 723 2543 786 est
2582 718 2748 782 Hal-

552 823 716 888 mius
792 824 960 906 quod
1027 825 1224 892 Badio
1289 834 1548 896 auctore
1612 833 1956 910 quandoque
2018 829 2291 893 mutavit
2355 828 2416 892 in
2481 832 2745 908 quando-

549 953 790 1011 cunque.

747 1039 950 1118 Quam
1006 1043 1282 1107 nondum
1330 1042 1659 1122 attigimus
1704 1041 2051 1122 particulae
2107 1051 2279 1121 atque
2320 1039 2447 1104 vim
2492 1056 2745 1120 compa-

546 1150 838 1230 rativam,
885 1168 1073 1231 quam
1127 1151 1330 1216 induit
1367 1153 1713 1230 composita
1758 1169 1897 1216 cum
1944 1149 2300 1215 notionibus
2329 1169 2522 1230 aeque
2564 1153 2744 1213 aliter

541 1265 773 1336 par-iter
815 1283 938 1339 par
993 1265 1150 1323 alius
1195 1266 1383 1333 idem,
1449 1275 1613 1322 nunc
1670 1257 2142 1338 subiungimus,
2225 1255 2438 1338 Atque
2480 1259 2747 1341 praeter

451 1393 455 1398 ·
546 1383 780 1448 paucos
817 1367 987 1433 locos
1034 1368 1142 1432 ubi
1183 1374 1341 1434 idem
1375 1370 1442 1433 et
1483 1376 1655 1447 atque
1700 1369 2141 1446 conectantur,
2194 1364 2391 1454 nullis·
2430 1363 2746 1448 exemplis

542 1475 901 1541 Annaeanis
947 1476 1336 1557 comprobari
1385 1475 1551 1541 hunc
1594 1489 1776 1540 usum
1820 1491 1937 1541 nec
1980 1474 2177 1541 ullum
2240 1474 2503 1540 inveniri
2531 1474 2744 1540 locum

543 1582 649 1648 ubi
710 1584 1079 1651 adverbium
1141 1607 1321 1665 aeque
1387 1589 1693 1664 sequatur
1754 1593 1927 1664 atque
1987 1584 2301 1667 particula
2366 1599 2747 1666 semperque

541 1715 717 1771 quam
755 1693 1031 1774 positum
1075 1711 1233 1771 esse,
1294 1692 1799 1774 Rauschningius
1836 1693 1987 1759 dicit
2027 1693 2091 1758 in
2133 1693 2579 1759 dissertatione
2622 1711 2743 1758 sua

531 1799 620 1864 *de
659 1799 978 1866 latinitate
1022 1801 1294 1870 Senecae
1338 1824 1398 1886 p.
1442 1804 1543 1868 53.
1635 1803 1892 1868 Erravit
1932 1809 2149 1868 tamen
2192 1821 2334 1868 cum
2373 1796 2508 1868 'tam
2558 1818 2744 1868 seve-

533 1927 656 1974 ·rae
693 1911 953 1992 regulae
997 1912 1334 1978 adstrinxit
1374 1911 1701 1979 Senecam-.-

740 2043 961 2100 aeque
1002 2045 1082 2087 ac
1124 2039 1274 2104 ergo
1319 2023 1593 2103 positum
1637 2027 1735 2088 est
1772 2019 1859 2087 di.
1881 2021 2007 2086 XII
2053 2023 2151 2103 13,
2194 2023 2233 2086 8
2281 2044 2597 2087 sacrarum
2626 2043 2743 2086 ru-

628 2136 764 2195 inae
784 2178 799 2194 .
827 2178 842 2195 .
865 2179 880 2195 .
907 2179 944 2208 .,
986 2155 1134 2212 quas
1175 2139 1433 2214 religiosi
1475 2155 1701 2214 aeque
1742 2155 1825 2198 ac
1868 2142 2086 2198 stantes
2128 2136 2401 2197 adorant.

748 2238 1092 2306 Praeterea
1135 2257 1386 2321 quoquo
1437 2241 1620 2306 modo
1663 2241 1958 2311 sananda,
1990 2245 2177 2306 erunt
2216 2240 2408 2305 verba
2449 2247 2515 2304 ut
2558 2259 2742 2318 quae-

625 2367 736 2426 que
789 2368 856 2412 ae
893 2353 1008 2412 sibi
1048 2355 1286 2428 quisque
1326 2355 1537 2426 fecisse
1576 2371 1639 2414 se
1676 2359 1852 2428 neyat
1892 2367 1953 2413 n.
1994 2367 2052 2429 q.
2098 2348 2127 2412 1
2178 2349 2274 2426 16,
2321 2348 2382 2427 3,
2424 2345 2739 2428 reeipien-

627 2453 779 2519 dum
823 2459 1036 2520 tamen
1081 2456 1332 2523 videtur
1375 2473 1511 2523 esse
1556 2475 1591 2521 e
1629 2456 1839 2523 codice
1884 2455 1937 2521 E
1980 2477 2159 2536 aeque
2199 2479 2285 2522 ac.

747 2562 984 2630 Contra
1029 2564 1254 2645 quibus
1298 2566 1364 2629 in
1415 2566 1657 2631 maiore
1704 2566 1909 2646 pretio
1951 2568 2050 2631 est
2094 2562 2285 2630 codex
2313 2562 2519 2628 Enon
2552 2562 2739 2628 dubi-

547 2671 778 2738 tabunt
819 2674 1094 2739 Scribere
1139 2682 1232 2739 est
1274 2681 1428 2739 enim
1455 2680 1547 2739 illi
1572 2698 1609 2739 α
1626 2697 1797 2755 eque
1832 2697 2067 2739 sursum
2092 2681 2204 2738 iter
2232 2697 2441 2754 quam
2465 2679 2747 2737 deors-mn

537 2796 598 2843 n.
645 2797 705 2860 q.
750 2780 815 2845 II
865 2782 964 2861 24,
1014 2783 1069 2846 1.
1176 2782 1298 2848 Sed
1357 2788 1701 2863 antequam
1768 2782 1849 2847 ad
1891 2781 2196 2864 liquidum
2266 2780 2572 2863 perducta
2634 2784 2746 2845 est

535 2889 825 2971 quaestio
867 2889 1118 2956 cuinam
1163 2892 1354 2958 codici
1403 2893 1464 2956 in
1487 2910 1549 2957 n.
1594 2910 1654 2973 q.
1700 2893 1901 2957 maior
1943 2892 2032 2957 sit
2072 2890 2409 2956 tribuenda
2456 2888 2741 2956 auctori-

535 3000 669 3079 tas,
739 3016 863 3064 non
929 3000 1182 3065 omnino
1245 2999 1474 3065 codicis
1540 2998 1592 3063 B
1657 3000 2037 3081 scripturam
2091 3006 2263 3079 atque
2311 2996 2742 3079 respuendam

536 3104 717 3171 duco.

731 3218 977 3295 Aeque
1015 3223 1094 3280 ut
1137 3218 1236 3280 est
1279 3214 1343 3278 in
1375 3214 1843 3296 corruptissimo
1871 3214 2005 3280 loco
2035 3233 2131 3298 ep.
2167 3216 2306 3294 104,
2353 3216 2451 3295 11,
2491 3215 2598 3280 nbi
2628 3232 2734 3280 co-

531 3320 686 3387 dicis
729 3322 779 3387 B
810 3323 996 3391 lectio
1038 3324 1201 3389 omni
1251 3339 1440 3387 sensu
1483 3302 1722 3389 carens'
1747 3330 2025 3403 quicquid
2062 3334 2117 3388 te
2138 3326 2383 3389 delectat
2404 3345 2581 3403 aeque
2597 3328 2740 3387 vide

531 3440 600 3495 ut
647 3436 880 3497 videres
935 3438 1076 3497 dwm
1121 3440 1337 3497 vireret
1376 3441 1510 3497 uter
1556 3432 1721 3497 hunc
1762 3435 1829 3498 in
1872 3432 2127 3497 modum
2170 3436 2451 3499 correcta
2494 3431 2751 3517 legitur·

533 3539 703 3620 apud
747 3531 1049 3605 Haasium
1095 3546 1373 3621 quicquid
1413 3548 1469 3604 te
1507 3545 1749 3605 delectat
1792 3562 1971 3621 aeque
2010 3548 2143 3607 vide
2176 3550 2241 3605 ut
2263 3546 2442 3617 flores
2466 3546 2689 3605 virides
2706 3566 2733 3602 .-

533 3653 672 3713 dum
711 3656 920 3730 virent,
963 3658 1144 3715 utere.
1218 3647 1342 3715 Sed
1385 3650 1595 3716 nescio
1641 3667 1723 3714 an
1767 3648 1991 3714 melius
2035 3654 2317 3717 mutetur
2350 3650 2445 3713 ita
2485 3654 2620 3713 vide
2660 3656 2734 3711 ut

530 3762 696 3822 vides
731 3764 937 3833 tiores:
979 3764 1120 3823 dum
1160 3766 1352 3824 virent
1389 3766 1591 3823 uteris.
1678 3756 1843 3823 Nam
1890 3757 2161 3839 primum
2190 3764 2353 3823 vides
2376 3763 2553 3833 flores
2582 3774 2725 3821 cum

532 3862 788 3932 facilius
832 3883 868 3932 e
909 3872 1140 3932 videres
1181 3868 1386 3933 oritur
1421 3868 1810 3949 quam'quod
1832 3866 2106 3932 Haasius
2133 3865 2371 3946 posuit,
2414 3870 2549 3929 tum
2581 3882 2731 3930 sen-

531 3976 774 4041 tentiae
819 3974 1074 4056 sufficit3
1118 3976 1342 4041 deinde
1381 3982 1571 4041 uteris
1610 3975 1821 4057 aptius
1862 3974 2067 4040 iudico
2116 3991 2307 4055 quam
2346 3960 2527 4051 utere,
2572 3974 2725 4054 quia

529 4082 787 4151 floribus
843 4084 967 4152 illis
1030 4085 1561 4166 quemadmodum
1626 4090 1847 4150 utatur
1896 4100 2019 4148 non
2065 4100 2316 4148 necesse
2358 4084 2503 4147 erat
2542 4097 2726 4163 prae·

531 4198 681 4279 cipi,
754 4197 1125 4278 praesertim
1197 4216 1340 4265 cum
1405 4197 1679 4278 exempli
1750 4196 1887 4261 loco
1946 4200 2279 4276 ponantur:
2390 4195 2727 4261 Postremo

530 4306 822 4387 graviore
845 4304 1366 4389 interpunctione
1404 4305 1687 4370 adhibita
1728 4304 1819 4368 ita
1852 4303 2248 4373 scribendum
2266 4304 2479 4369 iudico
2516 4310 2725 4369 uteris.

529 4420 712 4479 alium
765 4420 884 4479 alio
939 4419 1036 4479 die
1084 4438 1258 4481 casus
1319 4423 1592 4494 excutiet,
1650 4420 1756 4479 sed
1814 4430 1956 4511 culn
1996 4413 2189 4479 verba
2232 4419 2415 4479 alim
2452 4418 2575 4479 azio
2616 4420 2719 4479 die
