3009 5000
1351 341 1434 408 55

297 540 383 606 di.
425 541 486 605 X
528 545 590 622 3,
638 544 694 608 1.·
745 542 805 607 d.
848 543 907 606 b.
951 541 1019 605 Vs
1049 542 1146 625 12,
1177 577 1180 582 -
1211 543 1266 608 1.
1325 541 1384 606 (1.
1431 541 1511 608 cl.
1554 543 1586 606 I
1646 544 1742 623 14,
1798 543 1852 606 1.
1909 560 1969 605 n.
2025 559 2085 622 q.
2140 541 2231 607 VI
2288 543 2385 626 19,
2430 540 2495 606 2.

297 653 498 716 Simul
538 659 710 730 atque
749 654 964 716 autem
1013 651 1282 732 legimus
1324 651 1387 714 in
1430 648 1650 715 Haasii
1672 637 1675 640 ’
1694 647 1970 714 editione
2018 667 2116 730 ep.
2163 650 2262 730 70,
2306 651 2345 714 5
2388 657 2493 715 secl

293 766 476 844 simul
510 769 682 840 alque
701 769 1016 825 oecwrrunt
1041 765 1282 825 molesta
1321 769 1376 824 et
1404 765 1889 840 tranqmlllitatem
1932 765 2247 835 turbantia,
2288 765 2495 824 entitlil

291 889 376 942 se,
427 867 533 932 ubi
575 887 612 933 e
655 866 882 934 codicis
932 885 975 949 p
1019 865 1226 934 verbis
1267 875 1348 934 sit
1393 873 1671 934 simidata
1734 867 2195 934 restituendum
2243 866 2492 932 videtur

292 983 420 1042 scd
459 985 524 1042 si
569 983 712 1042 mul
721 986 804 1042 la.

495 1085 734 1152 Iterum
779 1087 1184 1167 comparandi
1227 1105 1418 1155 sensu
1445 1089 1825 1154 instructum
1866 1092 1965 1154 est
2006 1110 2075 1153 ae
2117 1087 2180 1151 in
2219 1086 2493 1154 formula

283 1201 596 1273 perinde
629 1218 710 1260 ac
735 1203 814 1274 si,
841 1213 1005 1276 quae
1026 1202 1278 1278 praesto
1299 1201 1401 1264 est
1421 1199 1479 1264 d.
1502 1197 1565 1264 b.
1586 1197 1684 1268 III
1711 1199 1808 1276 12,
1830 1189 1871 1262 '4
1894 1207 2091 1264 umam
2115 1220 2231 1263 uno
2254 1219 2493 1262 munere

295 1311 382 1368 ad
419 1310 768 1382 patientiam
809 1310 1170 1371 iniuriarum
1221 1314 1476 1374 onmium
1520 1311 1877 1388 αάεινᾶηρον,
1928 1329 2007 1370 an
2048 1302 2345 1386 perinde
2381 1315 2495 1370 crit

293 1436 377 1479 ac
438 1419 505 1478 si
559 1419 822 1493 qratiam
889 1420 1235 1480 rettuleruu.
1327 1416 1403 1480 In
1469 1415 1925 1482 conclusionem
1986 1413 2197 1496 potius
2260 1413 2495 1479 transit

290 1526 621 1601 proinde
665 1543 748 1586 ac
787 1528 872 1588 ei.
907 1522 1126 1588 Recte
1169 1540 1322 1606 ergo
1365 1542 1507 1590 cum
1553 1526 1692 1591 sola
1732 1525 2121 1607 comparatio
2151 1523 2490 1604 adpareret

295 1647 396 1712 ep.
429 1629 528 1710 86,
576 1630 654 1694 13
687 1630 1077 1710 scripserunt
1099 1621 1372 1700 editores
1414 1643 1593 1700 dares
1616 1657 1770 1700 num
1790 1636 2153 1700 Buccillum:
2185 1637 2493 1712 perinde

296 1749 447 1805 esset
485 1763 564 1804 ac
600 1745 668 1803 si
705 1746 938 1804 hircum
987 1749 1163 1808 oleret
1190 1747 1411 1808 contra
1439 1742 1629 1808 fidem
1654 1743 1933 1809 codicum
1965 1743 2015 1806 P
2050 1747 2117 1808 et
2156 1739 2213 1820 b,
2261 1739 2489 1824 quibus

298 1829 381 1911 in'
407 1848 524 1915 hac
569 1845 987 1929 epistularum
1029 1853 1212 1928 parte
1255 1848 1534 1914 nitimur.
1601 1849 1811 1931 Atque
1856 1849 2121 1940 eandem
2170 1847 2391 1912 eadem
2415 1846 2495 1912 de

300 1973 499 2021 causa
545 1955 925 2036 scripturam
970 1956 1219 2022 traditis
1265 1959 1472 2025 verbis
1498 1965 1757 2039 proinde
1794 1981 1869 2024 ac
1910 1964 1967 2023 si
1999 1953 2281 2037 praefert
2312 1953 2495 2020 Gert-

300 2065 436 2130 zius
481 2063 540 2128 d.
585 2063 645 2128 b.
680 2063 765 2128 VI
783 2065 844 2147 4,
887 2066 927 2128 3
969 2087 1032 2130 co
1063 2089 1152 2131 mc
1194 2072 1318 2132 loco
1348 2074 1570 2148 posuit,
1612 2075 1680 2132 ul
1696 2071 2005 2146 proinde
2037 2071 2181 2130 liber
2210 2069 2491 2130 adversus

302 2195 434 2238 eum
471 2195 667 2252 esseon,
711 2196 792 2238 ac
829 2179 894 2236 si
936 2179 1088 2238 nihil
1125 2181 1486 2254 accepissem.
1539 2180 1681 2239 Pro
1713 2196 1785 2238 ec
1821 2195 1915 2252 ae,
1958 2172 2126 2254 quod
2168 2171 2491 2253 Draegero

302 2281 586 2362 exceptis
631 2279 836 2347 tribus
877 2283 1189 2362 exemplis
1220 2301 1386 2365 qnae
1413 2283 1683 2365 sumpsit
1712 2300 1793 2347 ex
1822 2281 2137 2347 Ciceronis
2178 2279 2492 2362 operibus,

303 2407 430 2455 uno
508 2375 760 2456 tantum
825 2387 1227 2469 Digestorum
1307 2391 1442 2457 loco
1507 2389 1799 2470 innotuit,
1879 2389 2093 2453 etiam·
2152 2387 2493 2454 Annaeano

309 2502 601 2583 exemplo
646 2520 768 2567 uno
810 2501 1196 2569 inlustratur
1235 2525 1365 2581 pro
1407 2522 1482 2567 eo
1525 2510 1609 2589 esi
1648 2524 1729 2567 ac
1764 2506 1832 2565 si
1858 2519 2053 2565 omnes
2073 2506 2227 2589 idem
2242 2506 2497 2565 sentiant

304 2627 402 2690 ep.
450 2612 588 2691 102,
637 2613 734 2678 12.
1146 2592 1150 2597 ’

502 2720 620 2787 His
665 2721 973 2787 accedunt
1023 2744 1100 2787 ac
1163 2727 1314 2788 nisi·
1367 2742 1584 2801 mayna
1645 2724 2041 2784 moderatione
2102 2724 2494 2796 temperuntur

222 2906 225 2914 ¹
303 2848 406 2912 ep.
470 2831 569 2909 23,
613 2831 664 2899 6,
711 2834 776 2896 et
836 2854 914 2895 ac
966 2838 1182 2909 prout
1231 2835 1454 2895 occasio
1514 2837 1571 2893 ct
1626 2834 1719 2893 rei
1760 2832 2037 2906 publicae
2088 2846 2247 2923 meac
2298 2831 2491 2904 factal-

305 2946 397 3005 tas
437 2944 590 3005 tulit.
639 2939 698 3005 d.
741 2938 800 3005 b.
846 2939 933 3003 IV
977 2940 1080 3019 32,
1119 2939 1179 3004 4.

1337 3138 1450 3206 IX.

503 3271 785 3339 Transeo
829 3272 913 3339 ad
954 3271 1302 3355 particulas
1357 3270 1749 3353 copulativae
1797 3269 1933 3335 loco
1972 3258 2490 3337 disiuncti'varum

307 3382 569 3463 positas.
614 3380 819 3447 Di.IV
841 3382 902 3461 5,
921 3383 964 3447 4
981 3381 1138 3447 haec
1157 3382 1460 3462 leguntur
1480 3384 1879 3446 Hannibalem
1904 3383 2075 3442 aiunt
2100 3382 2333 3450 dixisse,
2364 3396 2497 3439 cum

306 3496 525 3568 fossam
548 3498 836 3571 sanquine
853 3497 1106 3555 hwnano
1117 3496 1360 3569 plenam
1377 3496 1653 3555 vidisset:
1696 3510 1731 3553 o
1749 3491 2065 3563 formosum
2091 3488 2503 3570 spectaculum!

308 3607 538 3681 Quanto
581 3605 892 3679 pulchrius
933 3604 1028 3663 illi
1087 3605 1278 3677 visiun
1329 3605 1490 3679 esset,
1545 3602 1600 3660 si
1650 3600 1865 3671 flumen
1910 3598 2148 3673 aliquod
2198 3598 2497 3671 lacumque

304 3714 639 3787 conplesset.
706 3706 868 3773 Mira
910 3707 1072 3771 inest
1115 3705 1214 3772 his
1239 3704 1448 3771 verbis
1470 3703 1781 3785 gradatio,
1832 3705 2045 3767 tamen
2072 3716 2495 3783 praepropere

309 3821 608 3895 lacumque
636 3816 700 3879 in
743 3814 1160 3896 suspicionem
1181 3813 1434 3904 yocavit
1475 3810 1786 3877 Gertzius.
1836 3878 1840 3882 ,
1872 3809 2098 3876 Plures
2120 3808 2286 3874 enim
2326 3806 2495 3871 locos

307 3924 617 3993 invenisse
673 3922 852 3989 nobis
905 3923 1192 3989 videmur
1242 3922 1305 3985 in
1357 3920 1585 4001 quibus
1636 3920 1849 4003 aliqua
1904 3918 2239 4001 *scriptoris
2286 3913 2495 3997 potius

309 4033 706 4115 neglegentia
759 4050 950 4113 quam
1001 4032 1401 4097 librariorum
1463 4029 1647 4112 culpa
1698 4052 1805 4111 que
1850 4030 2062 4095 sedem
2116 4050 2183 4091 ve
2234 4023 2495 4092 voculae

307 4142 652 4224 occupavit.
750 4140 1052 4209 Eiusdem
1109 4137 1388 4223 profecto
1443 4139 1695 4219 generis
1756 4140 1853 4202 est
1904 4136 2075 4221 quod
2121 4136 2355 4216 legitur
2396 4150 2491 4213 ep.

311 4252 448 4331 104,
511 4252 586 4316 18
626 4256 808 4331 frcyit
845 4256 1062 4331 aliquis
1117 4271 1254 4313 crus
1314 4257 1420 4314 aut
1473 4256 1717 4313 extorsit
1766 4253 2113 4313 articulum-.-
2172 4268 2297 4311 non
2336 4249 2490 4308 vehi-

304 4366 495 4427 culum
519 4379 834 4439 navcmquc
849 4364 1191 4434 conscendit,
1239 4363 1346 4423 scd
1377 4364 1621 4440 advocat
1660 4360 1961 4433 medicum,
2008 4365 2075 4421 ut
2114 4361 2314 4434 fracta
2343 4374 2491 4436 pars
