3009 5000
1471 427 1555 494 59

425 631 494 692 in
531 632 834 692 meridim
865 647 1022 692 mora
1054 633 1424 706 producitur.
1534 626 1671 692 Iam
1716 591 1935 717 infigis*
1958 633 2113 719 sunt
2152 645 2317 710 quae
2356 644 2611 710 progre-

424 721 704 801 dientem
745 741 1090 801 morentur.
1173 734 1615 804 Praeferemus
1661 736 1827 803 enim
1842 721 1857 740 '
1871 718 2097 825 ‘codicis
2138 737 2189 804 B
2232 737 2611 820 scripturam

423 863 703 922 unquam,
749 841 898 922 quia
959 843 1050 909 eis
1093 860 1257 923 quae
1299 842 1417 910 hoc
1454 844 1591 908 loco
1646 842 1727 908 110
1766 833 1979 924 spatio
2022 843 2419 931 potissimum
2462 861 2613 910 ven·

429 955 640 1017 torum
682 949 992 1032 dicuntur,
1038 953 1249 1034 aptior
1291 955 1391 1018 est
1443 953 1746 1036 temporis
1806 971 1999 1035 quam
2064 952 2187 1018 loci
2242 952 2609 1034 designatio.

427 1059 588 1126 Tum
610 1077 816 1125 nonne
860 1058 980 1127 hoc
1021 1079 1214 1128 sensu
1257 1068 1449 1146 caret,
1497 1081 1607 1130 eos
1650 1068 1871 1130 ventos
1909 1080 2033 1128 non
2073 1079 2277 1142 usque
2320 1061 2386 1126 in
2428 1061 2611 1127 meri-

426 1167 588 1234 diem
634 1168 896 1251 produci
925 1169 1034 1250 qui
1065 1170 1228 1236 circa
1255 1171 1530 1238 medium
1560 1173 1728 1240 diem
1765 1172 2246 1254 relanguescere
2279 1170 2613 1239 dicantur?

423 1281 614 1346 Recte
649 1285 805 1345 citra
840 1284 1096 1344 modim
1133 1278 1557 1350 Buechelerus
1600 1281 1999 1348 scribendum
2052 1279 2328 1346 coniecit.
2422 1279 2613 1348 Aliud

430 1388 728 1456 mendum
782 1387 946 1455 latet
1006 1387 1073 1454 in
1133 1389 1539 1470 sequentibus
1603 1390 1811 1458 verbis
1862 1397 1989 1458 alia
2041 1399 2236 1456 autem
2288 1393 2615 1455 imbecillior

424 1520 498 1566 ao
553 1503 784 1563 brmor
833 1505 920 1564 est
979 1506 1178 1577 prout·
1209 1475 1628 1564 valentiorum
1671 1505 2063 1564 „nimbum
2110 1503 2367 1564 conlecta
2418 1503 2615 1564 causis

427 1613 527 1685 est,
594 1604 822 1686 quibus
885 1623 1251 1673 succurrere
1313 1612 1578 1674 conatus
1644 1612 1742 1674 est
1796 1605 2075 1674 Haasius
2136 1612 2259 1672 abia
2298 1611 2447 1689 post
2486 1611 2617 1672 abia

425 1722 618 1780 mitem
679 1714 1042 1794 inserendo.
1129 1714 1438 1782 Remanet
1499 1733 1653 1783 vero
1710 1715 2054 1782 etiamnum
2115 1715 2356 1781 vitium.
2463 1713 2617 1791 Quis

425 1823 590 1890 enim
633 1823 758 1888 erit
798 1823 908 1905 qui
949 1840 1094 1890 cum
1141 1825 1221 1890 de
1261 1829 1545 1906 tempore
1586 1829 1655 1892 et
1697 1824 1904 1908 spatio
1944 1829 2275 1892 ventorum
2321 1824 2615 1906 disserat,

425 1930 621 2000 alium
665 1932 748 1998 ab
790 1931 916 1998 alio
957 1930 1266 1999 brevitate
1308 1931 1563 2001 differre
1605 1933 1775 2001 dicat
1788 1935 1819 1998 ⁴?
1904 1928 2469 2014 Imperfectaergo
2514 1938 2611 2002 est

428 2039 646 2115 oratio,
690 2058 806 2108 nec
864 2040 930 2106 in
983 2057 1107 2122 qua
1148 2041 1363 2123 priora
1405 2041 1865 2123 posterioribus
1918 2039 2359 2123 respondeant,
2419 2059 2613 2123 quam

429 2148 548 2217 hoc
587 2147 720 2217 fere
762 2150 949 2217 modo
993 2151 1418 2232 explebimus:
1481 2151 1605 2217 alia
1652 2156 1869 2217 autem
1900 2151 2027 2217 alia
2067 2151 2316 2234 longior
2357 2169 2433 2218 ac
2473 2151 2615 2218 bre·

423 2259 560 2327 vior
622 2260 723 2326 est
782 2263 991 2341 prout.
1108 2259 1282 2326 Nihil
1347 2277 1494 2326 vero
1572 2261 1727 2326 certi
1778 2278 1917 2326 cum
1968 2279 2051 2326 ex
2110 2258 2369 2326 traditis
2413 2257 2617 2325 verbis

423 2369 756 2436 enucleare
798 2367 951 2433 mihi
995 2369 1344 2450 contigerit,
1386 2369 1561 2435 inani
1601 2369 2019 2435 hariolatione
2058 2368 2366 2436 abstineo.

623 2463 1070 2546 Dissolutionis
1113 2480 1472 2564 exemplum
1522 2479 1780 2547 exhibet
1829 2479 2028 2546 codex
2064 2471 2129 2543 N
2168 2478 2229 2545 11.
2271 2479 2334 2545 11.
2374 2475 2471 2543 ΙΙΙ
2516 2476 2613 2557 10,

425 2590 466 2653 3
506 2588 604 2655 his
645 2588 852 2657 verbis
892 2612 1068 2671 quam
1107 2594 1318 2657 deinde
1370 2614 1641 2670 poenam⁶
1662 2596 1919 2671 inm-atis
1954 2594 2395 2655 constitimus?
2434 2610 2615 2653 unam

427 2704 707 2775 cuntibus,
751 2720 881 2765 cvm
919 2680 1208 2779 disparui
1229 2704 1504 2775 beneficia
1543 2706 1665 2765 sint
1679 2698 1717 2762 ‚2
1766 2704 2133 2778 inaequalem
2174 2706 2230 2762 et
2268 2719 2385 2777 pro
2424 2703 2613 2762 cuius·

427 2828 542 2887 quc
573 2811 844 2883 beneficio
882 2813 1166 2873 maiorem
1205 2814 1503 2885 minorem,
1545 2806 1651 2874 ubi
1680 2807 1863 2889 volgo
1904 2805 2003 2872 his
2043 2805 2250 2873 verbis
2286 2816 2392 2871 aut
2417 2805 2614 2891 interf

427 2914 704 2998 ponitur.

623 3023 712 3089 At
748 3022 1124 3106 plerumque
1206 3025 1271 3090 in
1313 3023 1670 3091 huiusmodi
1712 3022 2057 3089 enuntiatis
2098 3023 2267 3105 apud
2310 3020 2615 3091 Senecam

425 3129 771 3213 particulas
831 3130 1238 3199 disiunctivas
1294 3133 1461 3214 poni,
1528 3152 1567 3201 0
1618 3116 1883 3201 1111111010
1922 3131 2353 3214 exemplorum
2416 3130 2613 3197 mani-

423 3239 658 3307 festum
701 3238 811 3307 fit:

567 3374 746 3445 maffia
779 3375 1024 3432 minusve
1057 3380 1314 3431 110011111πὺ
1350 3392 1404 3432 11.
1426 3392 1479 3445 q.
1516 3375 1597 3430 111
1624 3377 1709 3444 26,
1735 3376 1787 3431 8.
1850 3378 2023 3445 prout
2052 3388 2278 3443 aequm
2300 3372 2615 3445 iniquunwe

565 3470 721 3527 sidus
755 3471 976 3527 messit
1021 3470 1094 3527 di.
1140 3472 1218 3527 VI
1266 3474 1350 3542 18,
1395 3472 1446 3527 3.
1552 3474 1735 3529 stellae
1755 3512 1915 3528 .....
1976 3484 2142 3525 cursu
2182 3485 2283 3525 0110
2328 3484 2619 3527 occursum

565 3567 722 3625 modo
751 3567 986 3639 thyara,
1023 3568 1184 3625 modo
1218 3570 1413 3624 imbres
1415 3609 1501 3624 .....
1537 3574 1739 3625 movent
1776 3586 1832 3627 n.
1870 3585 1922 3639 q.
1959 3567 2015 3623 II
2054 3567 2139 3636 11,
2175 3569 2227 3619 2.
2431 3570 2615 3635 11090111

566 3666 664 3717 aut
699 3661 932 3718 demissa
967 3668 1132 3733 prout
1166 3662 1456 3729 d.cl.112,
1486 3665 1531 3717 1.
1636 3662 1812 3718 brevis
1847 3666 1946 3716 aut
1980 3661 2144 3731 lonya
2172 3667 2338 3731 prout
2374 3680 2430 3717 n.
2468 3662 2616 3732 q.VI

563 3760 648 3813 28.
669 3761 720 3813 3.
897 3759 1143 3815 sublimis
1178 3765 1279 3815 aut
1312 3760 1550 3829 humilis,
1577 3763 1754 3830 prout
1794 3758 1886 3814 illc
1918 3774 1974 3814 se
2008 3759 2260 3813 submisit
2300 3764 2397 3813 aut
2433 3763 2611 3814 suatu-

567 3853 633 3909 lit
666 3872 719 3909 n.
748 3872 801 3923 q.
837 3854 935 3919 13,
978 3857 1059 3908 11.
1132 3860 1312 3925 prout,
1337 3860 1453 3920 aut,
1494 3856 1583 3911 ita
1616 3860 1715 3910 aut
1740 3860 1841 3909 aut
1858 3873 1914 3909 n.
1936 3852 2110 3923 q.V11
2138 3853 2221 3923 11,
2260 3856 2311 3909 3.
2386 3855 2616 3912 maiores

564 3950 858 4005 ”timorosus
871 3950 1040 4023 199100,
1057 3956 1220 4020 prout
1229 3952 1361 4021 plus
1379 3952 1682 4006 autminus
1698 3950 1903 4007 virium
1918 3968 1973 4005 n.
1994 3968 2045 4020 q.
2065 3948 2093 4003 1
2117 3952 2163 4019 1,
2184 3952 2235 4005 9.
2378 3950 2611 4019 proinde

561 4052 661 4101 aut
685 4052 799 4115 aut,
827 4054 996 4116 mut
1031 4052 1132 4101 aut
1163 4065 1218 4101 n.
1256 4066 1310 4118 q.
1345 4046 1422 4102 IV
1460 4049 1513 4117 2,
1549 4048 1601 4100 2.
1703 4046 1941 4117 proinde
1986 4046 2199 4111 maiora
2236 4050 2337 4102 aut
2371 4047 2605 4117 minora,

564 4148 734 4212 prout
771 4148 869 4197 aut
904 4142 956 4199 d.
992 4144 1046 4198 b.
1083 4142 1166 4198 111
1203 4145 1287 4210 12,
1323 4144 1374 4197 2.
1571 4142 1635 4197 in
1669 4158 1779 4198 uno
1816 4148 1914 4198 aad
1948 4142 2117 4198 altero
2153 4142 2206 4198 d.
2243 4143 2299 4197 b.
2334 4142 2439 4198 VH
2476 4142 2525 4207 1,
2560 4144 2613 4200 4.

570 4254 740 4293 unum
778 4243 878 4293 aut
907 4239 1138 4294 alterum
1175 4237 1229 4294 11.
1266 4238 1336 4293 cl.
1376 4238 1404 4293 1
1445 4240 1532 4307 26,
1569 4240 1619 4294 4.
1722 4254 1831 4293 umo
1865 4238 1957 4295 dic
1982 4238 2219 4294 alterove
2253 4238 2331 4293 di.
2362 4238 2440 4295 VI
2475 4242 2525 4307 7,
2560 4240 2613 4293 2.

634 4335 981 4405 Identidem
1026 4354 1177 4418 ergo
1223 4360 1334 4419 que
1372 4337 1570 4403 vicem
1600 4335 2133 4402 disiunctivarum-
2159 4335 2614 4417 particularum

425 4444 667 4513 obtinet
706 4448 773 4511 01
799 4445 1175 4528 plerumque
1209 4444 1462 4527 quidem
1507 4446 1577 4512 in
1619 4444 1827 4513 verbis
1860 4445 2177 4513 contrario
2199 4462 2385 4511 sensu
2426 4462 2608 4528 prae-
