3009 5000
1329 409 1414 486 51

44 667 46 696 2
479 610 635 684 facis
673 611 830 688 quod
869 611 1287 688 quandoque
1317 605 1785 690 faciendumst&
1827 624 1887 672 n.
1934 623 1993 687 q.
2036 605 2124 672 VI
2166 608 2266 689 32,
2310 609 2367 674 6.
2428 633 2437 654 ⁴

484 711 744 782 Falsum
803 712 1056 794 quidem
1113 732 1237 780 non
1296 715 1416 781 erit
1455 715 1753 782 iudicium
1797 715 1933 783 eius
1974 715 2085 798 qui
2126 723 2470 796 quandoque

277 819 363 886 de
413 819 632 888 futuro
685 827 968 906 tempore
1025 822 1126 890 hic
1180 828 1558 908 usurpatum
1616 841 1821 904 neque
1880 811 2055 890 aliud
2112 842 2252 893 esse
2298 825 2468 891 dicat

277 946 476 1010 quam
535 936 873 1012 aliquando.
977 930 1153 996 Idem
1203 936 1419 998 tamen
1465 931 1784 1014 concedet,
1836 933 2074 1016 opinor,
2133 932 2466 1000 discrimen

44 1107 46 1136 =
275 1037 590 1108 interesse
647 1039 810 1104 inter
865 1038 982 1106 bos
1037 1039 1208 1106 locos
1267 1042 1333 1106 et
1389 1039 1534 1106 illos
1588 1041 1847 1122 priores.
1934 1039 2075 1107 Non
2120 1042 2284 1108 enim
2330 1042 2469 1109 sola

44 1137 47 1216 ἶ
273 1147 584 1229 temporis
627 1146 1000 1230 significatio
1043 1147 1206 1215 inest
1242 1147 1400 1230 voci,
1443 1147 1556 1216 sed
1602 1135 1845 1216 accedit
1884 1149 2241 1217 adfirmatio
2276 1169 2469 1235 quae·

275 1254 430 1324 dam
446 1308 464 1341 ,
518 1273 647 1338 qua
687 1255 761 1322 fit
808 1261 884 1322 ut
927 1263 1271 1339 quandoque
1311 1255 1485 1324 haud
1524 1257 1617 1323 ita
1658 1260 1878 1342 procul
1922 1260 2091 1326 absit
2130 1260 2209 1328 ab
2252 1270 2470 1342 utique.

479 1371 838 1448 Quandoque
891 1384 1007 1448 pro
1057 1373 1521 1450 quandocunque
1578 1367 1815 1434 dictum
1870 1368 2107 1436 iudices
2172 1388 2233 1434 n.
2276 1386 2337 1450 q.
2382 1370 2472 1436 VI

277 1477 342 1557 2,
391 1476 428 1540 7
470 1497 698 1544 ”mse
753 1486 841 1543 est
877 1483 1030 1542 mori
1069 1483 1428 1559 ubicumque,
1479 1485 1934 1558 quaudoque.
2022 1477 2202 1544 Duae
2257 1486 2471 1546 tamen

227 1657 234 1663 ,
269 1603 508 1654 cauisse
550 1584 948 1654 dubitantem
990 1604 1094 1654 me
1132 1585 1375 1655 faciunt
1413 1585 1494 1652 de
1532 1587 1800 1654 veritate
1842 1587 2215 1671 scripturae.
2302 1588 2465 1654 Nam

271 1695 559 1776 primum
615 1695 867 1776 quidem
920 1695 1106 1764 unius
1165 1698 1418 1764 tantum
1474 1695 1699 1764 codicis
1760 1695 1817 1762 E
1868 1699 2250 1766 auctoritate
2292 1697 2469 1764 adiu-

274 1821 534 1885 vamur,
578 1822 722 1872 cum
763 1803 814 1870 B
867 1804 1001 1872 sine
1043 1823 1242 1872 sensu
1284 1805 1582 1872 exhibeat
1620 1829 1849 1874 necesse
1888 1815 1977 1872 est
2015 1813 2231 1874 maiori
2264 1831 2475 1887 quam,-

275 1915 425 1978 tum
467 1914 532 1978 in
573 1912 713 1994 ipsa
755 1911 1195 1979 adverbiorum
1236 1915 1715 1982 coniunctorum
1756 1913 1964 1983 forma
2001 1916 2165 1982 inest
2192 1914 2473 1985 offensio.

281 2022 420 2093 Aut
466 2007 633 2091 enfin
677 2021 1076 2090 scribendum
1129 2028 1270 2090 erat
1323 2031 1649 2106 ubicumque
1689 2033 2147 2106 quandocunque
2186 2029 2303 2092 aut
2340 2032 2470 2091 ubi·
2552 2040 2556 2044 ·

275 2153 392 2211 que
435 2137 800 2213 quandoque·

477 2240 756 2308 Invicem
825 2241 944 2310 sibi
1018 2243 1403 2326 respondent
1461 2250 1843 2326 quandoque-
1860 2247 2208 2323 quandoque
2272 2258 2473 2321 aeque

279 2347 567 2417 valentia
623 2368 700 2416 ac
739 2357 1119 2420 modo-modo
1157 2350 1262 2419 vel
1323 2352 1535 2434 potius
1581 2352 1989 2433 respondere·
2015 2351 2130 2418 sibi
2180 2349 2475 2416 videntur

281 2477 349 2526 n.
377 2476 438 2541 q.
479 2459 514 2525 1
558 2461 613 2542 1,
658 2460 736 2527 15
778 2466 1204 2543 quaudoque
1245 2483 1382 2544 erqo
1409 2465 1564 2539 fiunt
1592 2465 1807 2539 trabes,
1834 2467 2258 2542 quandoque
2283 2463 2473 2540 clipei.

281 2570 508 2639 Altero
583 2569 750 2639 enim
819 2571 958 2639 loco
1032 2570 1569 2639 consentientibus
1633 2570 1689 2637 E
1753 2573 1821 2638 et
1882 2563 1949 2635 Β
2000 2569 2309 2637 traditum
2373 2572 2476 2635 est

277 2686 539 2761 quando.

480 2789 660 2857 Unus
713 2788 912 2872 igitur
964 2795 1170 2857 restat
1219 2790 1392 2859 locus
1449 2789 1560 2869 qui
1616 2789 1807 2872 plane
1865 2792 2207 2870 quandoque
2258 2805 2375 2869 pro
2419 2796 2475 2858 et

275 2908 516 2981 quando
568 2898 866 2967 exhibere
909 2899 1219 2967 videatur.
1304 2898 1549 2965 Nititur
1589 2914 1738 2963 vero
1783 2914 1908 2963 non
1949 2896 2325 2964 auctoritate
2368 2914 2476 2964 co·

275 3010 522 3092 dicum,
593 3010 706 3078 sed
761 3009 1126 3079 coniectura
1163 3007 1422 3077 Gertzii.
1507 3008 1628 3075 Est
1685 3008 1792 3073 ille
1834 3006 1896 3073 d.
1939 3007 2001 3073 b.
2044 3005 2133 3071 IV
2178 3007 2237 3086 9,
2282 3008 2323 3071 3
2367 3004 2475 3075 ubi

280 3120 349 3185 in
409 3119 618 3187 codice
666 3119 727 3184 N
778 3119 870 3186 ita
911 3118 1148 3203 legitur
1187 3127 1382 3200 itaque
1426 3142 1559 3184 cum
1600 3124 1769 3199 eli90,
1814 3123 1911 3183 cui
1952 3122 2081 3181 dem
2120 3120 2473 3193 beneficium,

275 3234 348 3293 id
389 3251 518 3311 ayo,
555 3238 624 3296 ut
659 3238 1114 3311 quandoque
1155 3233 1490 3306 beneficium
1530 3232 1626 3293 sit.
1710 3224 1905 3291 Recte
1954 3222 2207 3307 quidem
2260 3222 2473 3289 obser-

283 3341 399 3405 vat
453 3338 522 3408 in
561 3338 986 3417 adnotatione,
1028 3344 1370 3419 quaudoque
1397 3334 1675 3403 hocloco
1704 3333 1836 3403 sive
1861 3349 1975 3415 pro
2001 3338 2319 3415 aliquando
2341 3332 2475 3401 sive

283 3462 402 3525 pro
439 3451 740 3513 merdam
781 3445 1126 3529 accipiatur
1162 3444 1313 3513 ferri
1357 3444 1633 3528 nequire.
1699 3441 2031 3523 Postponit
2052 3442 2249 3524 igitur
2268 3440 2477 3507 verbis

281 3559 381 3619 cui
411 3558 544 3621 dem
583 3560 934 3632 beneficium,
979 3558 1054 3621 ut
1093 3554 1180 3637 sit
1219 3564 1274 3621 et
1314 3559 1569 3635 quando.
1646 3550 1771 3618 Sed
1811 3568 1957 3617 cum
2000 3548 2339 3617 abhorreat
2366 3548 2470 3617 hic

286 3680 444 3729 usus
485 3682 527 3729 s.
567 3680 856 3730 sermone
899 3661 1263 3743 Annaesno,
1321 3661 1434 3729 illa
1475 3660 1810 3727 verborum
1851 3658 2260 3740 transpositio
2296 3656 2475 3725 nobis

283 3788 412 3837 non
449 3771 773 3855 probatur.
861 3770 1118 3839 Accedit
1167 3771 1336 3851 quod
1383 3768 1577 3836 verba
1633 3774 1775 3850 quia
1828 3774 1885 3833 si
1940 3773 2105 3847 turpi
2142 3774 2323 3850 datur
2374 3789 2475 3833 nec

285 3886 584 3947 honestum
622 3902 745 3949 esse
774 3888 968 3960 potest
1003 3902 1112 3949 uec
1151 3884 1485 3957 beneficium
1512 3877 1591 3945 de
1618 3896 1893 3961 persona
1920 3880 2176 3945 tantum
2202 3876 2267 3941 in
2299 3880 2477 3943 ante-

285 3986 650 4055 cedentibus
692 3988 1059 4069 scriptorem
1104 3988 1416 4071 cogitasse
1471 3986 1719 4054 docent.
1804 3984 1980 4055 Nihil
2032 4002 2185 4069 ergo
2226 3990 2476 4054 mutan·

53 4124 60 4209 9
288 4097 438 4165 dum
498 4095 702 4165 iudico
741 4100 1032 4180 respectu
1072 4095 1286 4163 habito
1327 4096 1584 4161 illorum
1624 4096 1905 4161 locorum
1948 4112 2145 4176 supra
2185 4094 2472 4163 laudato-

54 4212 56 4217 ’
287 4226 451 4292 rum,
481 4206 590 4273 ubi
617 4214 962 4288 quandoque
987 4206 1069 4273 ad
1095 4214 1294 4286 utique
1312 4204 1482 4271 vocis
1503 4221 1761 4271 sensum
1780 4220 1980 4287 prope
1999 4202 2295 4273 accedere
2317 4202 2476 4278 vidi-

54 4292 59 4393 !
291 4332 434 4384 mus
493 4332 608 4381 nec
661 4314 998 4397 quisquam
1053 4313 1251 4381 talem
1300 4311 1617 4378 notionem
1658 4308 1802 4377 huic
1843 4311 1983 4377 loco
2027 4310 2213 4377 valde
2252 4314 2469 4393 aptam

290 4438 434 4494 osse
471 4420 708 4495 infitias
751 4422 884 4489 ibit.
953 4420 1186 4491 Similis
1229 4425 1496 4489 naturae
1532 4423 1636 4489 est
1678 4418 1873 4488 etiam
1916 4420 2139 4489 unicus
2184 4418 2472 4497 Quintili·
