3009 5000
1341 392 1452 468 ‘4³9

261 633 270 648 ·
318 600 444 669 sita
499 619 644 669 cum
699 623 809 683 que
845 600 1269 684 compluribus
1311 602 1480 670 locis
1502 602 1810 686 leguntur
1835 619 1965 667 nec
2006 604 2219 667 tamen
2262 617 2511 704 semper

318 713 539 776 eodem
605 729 822 791 sensu,
879 718 1160 792 hodieque
1213 712 1351 778 dico
1403 718 1469 778 et
1526 717 1933 794 quwndoque.
1971 709 2184 790 Atque
2234 716 2515 788 hodieque
2576 763 2589 788 .

318 820 684 886 observavit
722 820 1086 903 Draegerus
1147 839 1208 902 p.
1251 822 1334 886 43
1387 839 1533 889 raro
1586 820 1851 886 inveniri
1912 838 1987 885 eo
2042 816 2397 901 significatu
2442 820 2515 882 ut

320 934 493 996 esset
534 935 704 995 hodie
748 953 969 1010 quoque
1010 948 1125 996 nec
1169 931 1233 996 id
1277 936 1427 997 ante
1456 929 1658 996 Vellei
1684 933 1988 1010 tempora,
2040 947 2162 993 non
2194 915 2323 1012 legi
2342 927 2514 1009 apu'd

315 1036 567 1104 Livium
629 1042 820 1118 atque
858 1038 1314 1120 posterioribus
1357 1057 1613 1120 quoque
1656 1035 2047 1120 temporibus
2088 1035 2409 1104 rarissimo
2452 1037 2515 1100 in

314 1165 442 1212 usu
484 1164 640 1233 esse,
681 1148 772 1212 ita
818 1153 889 1213 ut
938 1148 1106 1230 apud
1149 1148 1502 1232 complures
1546 1149 1887 1231 scriptores
1928 1165 2055 1213 non
2099 1150 2309 1212 exstet
2337 1146 2510 1212 velut

313 1256 493 1338 apud
533 1255 843 1324 Tacitum.
929 1256 1108 1334 Quod
1147 1261 1316 1324 recte
1356 1257 1594 1324 dictum
1638 1255 1918 1338 videtur3
1962 1256 2041 1322 de
2083 1274 2221 1322 meo
2260 1255 2509 1321 adicere

309 1383 594 1448 possum,
651 1363 892 1432 frustra
949 1384 1050 1431 me
1091 1366 1152 1430 in
1199 1365 1400 1432 Curtii
1439 1364 1585 1431 Rufi
1630 1364 1893 1430 historia
1930 1369 2207 1460 hodieque
2252 1363 2514 1428 verbum

313 1475 723 1558 quaesivisse.
783 1475 907 1541 Sed
937 1474 1108 1557 quod
1130 1475 1406 1542 laudatis
1426 1475 1758 1559 perpaucis
1786 1473 1977 1540 locis
1958 1492 2024 1538 ιιι
2047 1473 2272 1553 quibus
2295 1473 2389 1538 ita
2416 1479 2517 1539 ho-

309 1589 525 1665 dieque
563 1583 955 1668 exhibeatur,
1013 1584 1190 1650 addit
1229 1583 1617 1667 DraegeruS,
1672 1589 1882 1651 cetera
1930 1601 2095 1665 quae
2122 1577 2517 1648 adferantur
2602 1605 2606 1609 ¹

312 1693 616 1778 exempla
639 1693 826 1760 huius
862 1713 1016 1761 usus
1051 1700 1165 1760 aut
1206 1692 1330 1760 fide
1353 1712 1541 1778 egere
1562 1699 1677 1759 aut
1698 1691 2073 1758 novissimae
2098 1690 2328 1786 aetatis
2351 1711 2514 1771 esse,
2554 1765 2561 1770 ,

313 1801 475 1867 mihi
518 1802 770 1883 quidem
811 1820 934 1869 non
978 1802 1288 1886 probavit.
1356 1801 1524 1867 Nam
1566 1801 1941 1886 aliquotiens
1985 1775 2368 1900 deprehendi
2396 1799 2515 1866 hoc

314 1911 698 1977 vocabulum
755 1913 925 1996 apud
971 1911 1294 1980 Senecam.
1381 1911 1593 1979 Semel
1656 1917 1927 1991 tantum,
1990 1911 2057 1976 ni
2097 1910 2301 1989 fallor,
2350 1909 2520 2007 idem

319 2023 428 2087 est
491 2024 686 2101 atque
763 2032 818 2087 et
889 2029 1062 2088 hodie
1122 2021 1277 2105 (und
1345 2019 1535 2086 heuto
1595 2021 1811 2105 noch),
1882 2027 2229 2106 hodieque
2294 2026 2359 2084 id
2424 2042 2521 2085 ece-

315 2139 444 2195 stat
494 2137 562 2196 iu
615 2135 1003 2212 auyurahbue
1053 2137 1226 2196 libris
1284 2148 1379 2212 ep.
1425 2131 1565 2211 108,
1612 2131 1722 2212 313
1788 2147 2025 2195 novum
2079 2129 2244 2196 enim
2278 2145 2433 2197 cum
2478 2147 2519 2193 a

317 2255 476 2305 voce
532 2244 812 2319 hodieqm
849 2238 1110 2322 incipiat
1151 2239 1584 2325 enuntiatum,
1652 2263 1760 2320 que
1798 2239 1943 2305 hoc
1960 2237 2213 2322 quidem·
2256 2237 2391 2303 loco
2436 2237 2518 2302 ad

315 2348 793 2431 coniungendas
852 2350 1198 2416 sententias
1252 2348 1605 2414 adhibitum
1662 2365 1798 2414 esse
1840 2349 2165 2414 dicemus.
2226 2343 2374 2411 Sed
2394 2347 2521 2410 alia

315 2475 428 2523 res
471 2460 570 2524 est
623 2455 846 2523 ceteris
886 2455 1073 2525 locis.
1111 2463 1252 2525 haee
1295 2456 1681 2541 (clementia)
1723 2455 2073 2540 hodieque
2112 2464 2386 2551 praestat
2430 2461 2525 2520 ubi

311 2568 546 2643 fammn
584 2566 646 2632 d.
687 2567 762 2633 cl.
805 2566 838 2631 I
890 2568 987 2647 10,
1035 2569 1102 2649 23
1161 2568 1262 2634 vel
1327 2570 1380 2635 si
1447 2568 1566 2635 hoc
1612 2585 1861 2649 quoque
1902 2569 2039 2636 loco
2082 2590 2192 2649 que
2232 2568 2521 2637 coniunc-

318 2676 482 2740 tioni
537 2675 837 2743 inservire
895 2674 1115 2761 fingiS,
1174 2678 1320 2761 lege
1358 2679 1531 2760 quod
1572 2697 1633 2743 ιι.
1678 2696 1737 2759 q.
1782 2679 1816 2743 Ι
1860 2696 1957 2758 pr.
2000 2659 2040 2742 3
2081 2678 2384 2760 scriptum
2426 2681 2525 2743 est

319 2782 497 2866 (cum
539 2784 710 2851 disco
753 2785 862 2867 an)
908 2792 1078 2852 liceat
1105 2792 1198 2851 illc·
1231 2794 1581 2868 hodieque
1610 2794 1917 2854 decernere
1946 2797 2013 2853 et
2028 2786 2103 2859 ex‘
2122 2793 2243 2869 leqe
2261 2784 2521 2865 futorum
2594 2784 2599 2788 ’

319 2898 558 2973 aliquid
596 2899 897 2976 deroqare.
970 2894 1094 2959 Ter
1135 2903 1465 2976 praeterea
1503 2897 1569 2961 in
1620 2896 1895 2979 epistula
1924 2897 2005 2961 90
2037 2894 2527 2977 deprehenditur

319 3024 446 3067 non
484 3008 655 3067 hod
631 3024 695 3066 ze
709 3025 834 3082 que
873 3026 1088 3086 maqua
1131 3009 1482 3084 Scytharum
1516 3029 1670 3085 pars
1705 3012 1889 3087 terqis
1948 3011 2213 3105 vulpium
2248 3010 2533 3069 induitur-

325 3132 400 3175 ac
455 3134 714 3177 merum.
702 3116 733 3161 9
771 3112 811 3191 ἓ
860 3112 956 3191 16,
1001 3119 1174 3178 immo
1228 3136 1346 3179 non
1399 3118 1541 3179 abiis
1600 3120 1928 3196 excogitata
1978 3120 2096 3179 ista
2153 3122 2329 3179 sunt
2352 3135 2527 3209 quam
2626 3118 2633 3125 ’

320 3224 534 3299 quihus
573 3224 738 3285 hodi
753 3241 918 3300 eque
961 3231 1251 3288 curantur
1293 3224 1332 3302 ξ
1362 3224 1461 3300 25,
1489 3222 1636 3305 §33
1660 3221 1768 3288 ubi
1791 3216 2231 3287 Democritus
2214 3214 2525 3309 invenisse

265 3326 560 3393 dicitur
612 3334 1090 3408 quemadmodum
1146 3336 1410 3397 decoctus
1461 3337 1717 3397 calculus
1757 3338 1824 3396 in
1863 3337 2249 3413 zmaraqdum
2291 3344 2463 3395 conve
2465 3354 2525 3393 r·

319 3444 577 3516 teretur,
639 3459 756 3516 qua
798 3444 837 3502 h
851 3445 1143 3518 odieque
1185 3449 1420 3507 coctura
1461 3448 1685 3505 inventi
1725 3447 1953 3523 lapides
1994 3446 2221 3506 coctiles
2264 3434 2523 3505 colorau-

320 3546 445 3611 tur.
527 3543 628 3610 Sic
669 3544 948 3613 Haasius
1012 3545 1183 3614 futili
1249 3548 1477 3616 codicis
1535 3548 1587 3613 Β
1629 3550 1896 3616 lectione
1940 3556 2046 3616 hoo
2084 3555 2259 3614 utiles
2304 3553 2521 3631 spreta

325 3657 681 3720 ceterorum
746 3654 1023 3721 codicum
1073 3657 1343 3741 vestigia
1397 3664 1672 3725 secutus.
1760 3658 1983 3741 Neque
2038 3662 2257 3724 tamen
2308 3657 2391 3722 ad
2429 3657 2527 3722 in-

323 3764 585 3845 tegrum
635 3762 754 3829 hoc
804 3763 986 3831 modo
1039 3764 1374 3831 restitutus
1433 3770 1533 3833 est
1572 3768 1769 3834 locus.
1854 3767 2019 3833 Nam
2061 3766 2306 3850 lapides
2350 3760 2526 3831 ante-

325 3888 521 3954 quam
568 3872 929 3938 colorentur
968 3870 1234 3939 inveniri
1279 3874 1525 3957 debere,
1571 3894 1697 3941 ιιοιι
1718 3882 1818 3943 est
1846 3876 2012 3957 quod
2044 3874 2357 3977 expressis
2385 3892 2524 3939 ver-

325 3980 432 4047 bis
474 3979 737 4048 dicatur.
821 3980 964 4047 Non
1008 3982 1084 4049 de
1126 3982 1439 4064 lapidibus
1481 3985 1773 4065 inventis,
1822 3984 1931 4053 sed
1974 3986 2052 4051 de
2100 3990 2393 4065 cocturae
2436 3982 2530 4046 in·

332 4090 628 4156 ventione
689 4095 912 4156 auctor
977 4091 1285 4159 disserere
1345 4094 1666 4174 putandus
1724 4098 1840 4160 est.
1960 4092 2185 4177 Itaque
2244 4092 2410 4159 hunc
2463 4093 2525 4156 in
2596 4136 2599 4141 -

331 4188 592 4263 modum
649 4200 1105 4267 restituendum
1151 4199 1431 4281 suspicor
1471 4224 1584 4281 quo
1625 4206 1960 4281 hodieque
2014 4198 2279 4270 cocturae
2322 4209 2519 4267 iuven—

329 4316 406 4372 ιο.
494 4307 634 4373 Νοιι
687 4308 1088 4375 consentiunt
1139 4306 1386 4373 codices
1446 4306 1498 4371 E
1544 4310 1609 4371 et
1655 4305 1704 4370 B
1746 4324 1805 4373 ιι.
1849 4326 1909 4391 q.
1955 4308 2077 4373 VII
2115 4308 2218 4390 25,
2264 4310 2322 4389 3,
2371 4324 2521 4412 quo-

1113 4458 1143 4465 ,,
2094 4422 2127 4470 4
