3009 5000
1403 383 1486 446 25

354 581 542 646 nimis
589 583 912 662 langueat,
957 601 996 644 a
1034 599 1180 646 vero
1241 587 1452 646 tamen
1500 581 1673 646 haud
1724 581 1942 664 procul
1996 599 2139 646 eam
2186 579 2405 646 abesse
2448 580 2545 646 iu-

353 689 510 770 dico,
553 697 620 755 in
663 698 820 756 omni
856 714 1068 773 yenere
1111 714 1310 756 eorwm
1351 689 1655 758 Senecam
1698 690 2021 770 scripsisse
2064 690 2387 772 opinatus?

554 797 914 880 sequantur
970 798 1255 865 notiones
1313 800 1534 866 eodem
1597 801 1698 864 vel
1742 797 1927 864 simili
1968 817 2156 867 sensu
2202 797 2546 880 praeditae.

355 906 456 972 Ex
499 907 718 972 ordine
759 926 980 974 earum
1027 907 1571 989 compositionum,
1632 909 1695 972 in
1742 907 1971 988 quibus
2015 927 2135 976 usu
2182 912 2249 975 et
2288 924 2545 974 consue·

352 1013 576 1082 tudine
617 1015 886 1081 invaluit
925 1039 1050 1096 que,
1092 1021 1246 1088 sunt
1281 1015 1549 1094 fausteom
1574 1021 1777 1096 felioeq.
1818 1035 1915 1098 ep.
1959 1019 2057 1095 71,
2102 1019 2161 1084 5.
2230 1021 2381 1095 felix
2423 1007 2549 1095 forss

352 1135 652 1206 iunctusq.
695 1126 780 1192 di.
826 1126 882 1191 V
927 1127 1028 1206 37,
1073 1128 1133 1192 3.
1205 1133 1577 1204 fortunatum
1619 1133 1905 1206 beatumq.
1948 1144 2046 1208 ep.
2090 1127 2192 1208 45,
2241 1128 2339 1192 10.
2423 1123 2549 1192 Sed
2670 1159 2674 1164 ·

348 1230 606 1316 longius
649 1238 792 1300 erat
831 1240 1042 1300 cetera
1088 1234 1378 1316 exempla
1419 1234 1635 1300 omnia
1676 1252 2031 1318 congerere,
2074 1219 2277 1302 satius
2319 1235 2549 1300 iterum

355 1340 611 1408 videtur
653 1361 860 1424 pauca
883 1342 1030 1424 eligi
1074 1359 1238 1424 quae
1278 1343 1430 1426 quia
1471 1343 1792 1410 sollemnis
1820 1344 1883 1408 in
1924 1344 2013 1411 eis
2050 1368 2161 1424 que
2188 1349 2307 1425 est,
2354 1343 2551 1426 probe

351 1449 526 1516 hunc
567 1451 922 1531 particulae
951 1470 1137 1518 usum
1183 1452 1541 1518 inlustrent.
1625 1451 1863 1519 Similia
1906 1471 2059 1535 ergo
2088 1453 2253 1518 inter
2294 1470 2366 1520 se
2396 1456 2551 1518 sunt

347 1559 666 1626 adiectiva
707 1561 892 1626 haec:
951 1560 1286 1642 placidum,
1341 1561 1776 1642 tranquillum,
1818 1563 1979 1642 lene,
2024 1563 2331 1644 quietum,
2376 1562 2549 1642 mite,
2687 1550 2719 1592 ·’

354 1669 794 1752 compositum,
849 1669 1200 1750 remissum,
1255 1661 1573 1751 pacatum,
1628 1671 1913 1750 tacitum,
1968 1670 2175 1741 silens,
2282 1671 2422 1736 Hac
2472 1687 2560 1738 ex·

347 1777 522 1846 serie
567 1777 672 1844 ubi
716 1779 1352 1863 duo-coniunguntur,
1394 1798 1511 1861 per
1548 1804 1657 1861 que
1685 1781 1749 1845 id
1792 1779 1929 1848 fieri
1960 1780 2141 1848 solet.
2228 1780 2332 1848 Sic
2352 1779 2550 1847 habes

541 1897 851 1970 plaudam
891 1896 1332 1972 tranquillumq.
1391 1890 1453 1956 d.
1514 1891 1591 1958 cl.
1636 1892 1669 1956 1
1711 1891 1770 1965 5,
1816 1893 1875 1956 5.
1918 1891 1977 1957 (1.
2021 1891 2099 1956 cl.
2144 1891 2177 1955 1
2224 1893 2320 1970 13,
2373 1890 2445 1970 13
2488 1895 2553 1966 et,

447 2001 698 2067 inverso
766 1998 982 2066 ordine
1047 2006 1443 2080 tranquillam
1489 1993 1849 2081 placiqu.
1932 2019 1989 2065 n.
2054 2018 2113 2081 q.
2154 2000 2272 2065 ’ΠΙ
2332 2001 2431 2079 26,
2490 2001 2550 2066 8.

445 2126 543 2190 ep.
593 2110 694 2188 32,
737 2110 798 2173 4.
881 2115 1268 2190 tranquillum
1315 2116 1631 2188 quietum.
1684 2107 1767 2174 di.
1822 2107 1948 2174 XII
1993 2110 2091 2189 18,
2139 2111 2197 2174 2.
2296 2116 2553 2189 quietum

437 2224 800 2298 placidum.
842 2217 926 2283 di.
970 2219 1003 2284 I
1046 2221 1104 2298 2,
1150 2220 1208 2284 2.
1259 2216 1344 2282 di.
1384 2219 1482 2284 111
1546 2219 1599 2298 1,
1648 2220 1700 2285 1.
1786 2225 1925 2284 mite
1956 2225 2319 2298 placidum.
2368 2218 2454 2284 di.
2495 2218 2552 2283 V

443 2329 506 2408 9,
549 2330 608 2394 3.
695 2351 948 2410 aequm
990 2334 1350 2408 plantum.
1403 2327 1486 2394 di.
1536 2329 1604 2395 ΙΙ
1650 2331 1707 2408 8,
1754 2331 1813 2394 3.
1918 2337 2044 2396 lene
2073 2335 2433 2409 placidum.
2490 2329 2551 2393 d.

443 2437 503 2504 b.
553 2437 616 2503 Il
669 2438 766 2517 13,
810 2439 870 2504 2.
933 2445 1174 2503 tacitum
1213 2443 1529 2519 Μάνης.
1578 2455 1676 2519 ep.
1716 2439 1819 2515 99,
1866 2440 1961 2505 16.
2023 2445 2204 2505 silens
2236 2444 2551 2521 quietumq.

445 2547 526 2616 di.
563 2546 660 2613 III
707 2549 810 2627 19,
847 2549 905 2612 2.
975 2554 1234 2627 quietum
1270 2557 1605 2629 pacatum.
1650 2547 1733 2613 di.
1774 2548 1831 2613 V
1873 2550 1974 2628 43,
2023 2551 2080 2613 2.
2118 2556 2377 2629 ,quietum
2402 2572 2553 2615 oom-

433 2664 750 2737 positum.
791 2674 892 2736 ep.
943 2656 1080 2734 100,
1127 2658 1188 2723 8.
1275 2663 1400 2725 lene
1440 2664 1805 2736 remissumq.
1851 2657 1935 2723 di.
1979 2658 2067 2724 VI
2104 2659 2204 2738 18,
2246 2660 2305 2723 2.

356 2763 512 2831 item
553 2782 804 2846 purum,
848 2765 1176 2849 liquidum,
1221 2766 1533 2833 sincerum

435 2896 662 2953 purum
679 2881 1022 2955 liquidum.
1061 2892 1122 2941 n.
1169 2893 1226 2954 q.
1271 2876 1361 2942 VI
1404 2876 1505 2955 27,
1550 2878 1609 2941 2.
1652 2892 1712 2941 n.
1758 2892 1818 2956 q.
1852 2876 1973 2941 VII
2022 2877 2119 2955 17,
2164 2880 2221 2943 3.
2260 2863 2555 2945 sincerum

435 3006 712 3063 pummq.
757 3002 815 3047 n.
863 3002 920 3064 q.
963 2984 1030 3061 II
1072 2986 1172 3067 26,
1215 2985 1275 3048 9.
1361 2990 1655 3063 liquidum
1692 2992 2040 3066 sincermq.
2084 2986 2143 3050 (1.
2172 2987 2251 3051 cl.
2290 2987 2373 3051 ΙΙ·
2396 2989 2458 3067 6,
2495 2988 2551 3052 1.

356 3090 674 3159 incolume
717 3096 786 3157 et
835 3090 1066 3155 similia
2314 3150 2327 3161 .

443 3204 736 3279 §ontearum
787 3206 1123 3281 incolatu-eq.
1175 3200 1258 3267 di.
1311 3201 1378 3287 11
1419 3204 1478 3282 6,
1536 3203 1597 3269 5.
1690 3208 1921 3269 salumn
1973 3210 2309 3283 incolumq.
2368 3202 2451 3268 di.
2495 3204 2552 3269 V

448 3308 548 3390 23,
589 3309 646 3373 3.
729 3315 1014 3375 incolume
1053 3317 1393 3389 intaetwmq.
1435 3310 1519 3377 di.
1578 3312 1678 3377 III
1724 3313 1784 3390 8,
1829 3312 1886 3377 7.
1998 3318 2291 3395 intumum
2338 3318 2551 3379 ivdiba-

445 3426 622 3497 twmq.
667 3416 750 3483 di.
795 3418 862 3484 II
905 3420 966 3498 6,
1013 3420 1070 3485 7.

361 3528 634 3595 solidum
675 3532 742 3591 et
783 3527 1015 3593 similia

449 3642 659 3701 bonum
698 3644 1006 3718 solidumq.
1051 3656 1149 3719 ep.
1201 3640 1304 3719 56,
1352 3639 1450 3704 11.
1514 3645 1815 3705 roba-sebum
1842 3645 2151 3719 solidumq.
2198 3656 2297 3719 ep.
2342 3638 2441 3721 72,
2486 3639 2547 3703 5.

371 3744 379 3751 ’
442 3752 682 3823 firmum
719 3752 1026 3827 solidumq.
1081 3766 1176 3829 ep.
1227 3749 1328 3827 95,
1387 3748 1483 3813 15.
1542 3748 1637 3828 (ac
1686 3747 1749 3813 d.
1800 3748 1859 3813 b.
1909 3746 2032 3812 VII
2084 3749 2186 3826 26,
2230 3747 2317 3827 3).
2400 3752 2555 3825 forte

449 3861 759 3935 seudumq·
816 3855 896 3920 di.
951 3855 1038 3921 IV
1096 3857 1193 3933 15,
1249 3858 1303 3921 1.
1387 3862 1641 3923 solidum
1691 3862 1907 3937 forteq.
1963 3874 2023 3921 n.
2085 3874 2144 3937 q.
2201 3856 2324 3923 VII
2386 3857 2445 3934 9,
2492 3858 2551 3923 4.

445 3989 569 4045 par
607 3971 814 4045 idemq.
860 3984 960 4047 ep.
1006 3966 1106 4045 20,
1150 3967 1208 4029 2.
1253 3984 1350 4048 ep.
1383 3966 1525 4045 102,
1567 3967 1665 4032 12.
1749 3989 1904 4033 unus
1944 3972 2155 4047 idemq.
2198 3964 2280 4031 di.
2314 3964 2405 4033 XI
2454 3966 2551 4045 14,

447 4074 508 4140 5.
551 4073 634 4139 di.
679 4071 744 4137 Π
790 4076 847 4152 6,
887 4076 946 4139 3.

424 4248 430 4263 ,
562 4182 635 4247 In
679 4184 780 4251 his
821 4182 976 4249 loeis
1016 4184 1240 4249 eadem
1295 4182 1517 4251 subest
1570 4183 1743 4250 notio
1785 4184 2043 4263 utrique
2094 4181 2285 4249 verbo
2328 4200 2441 4248 nec
2483 4180 2551 4247 in
2772 4185 2780 4193 ·

361 4293 642 4379 diversas
684 4292 1272 4375 partes-discedunt,
1315 4291 1426 4359 sed
1455 4276 1582 4372 qno
1611 4291 1861 4372 planior
1901 4290 2083 4357 fieret
2124 4296 2193 4357 et
2232 4291 2553 4357 inlustrior

365 4402 680 4473 sententia
717 4400 1062 4484 scriptoris,
1129 4401 1454 4509 complura
1493 4399 1805 4467 vocabula
1846 4400 2133 4469 adhibuit
2174 4406 2429 4484 sumpta
2470 4418 2552 4468 ex
