3009 5000
1570 364 1612 430 2

499 563 656 646 lere,
721 569 796 630 ut
849 564 1040 646 longo
1083 564 1291 647 spatio
1337 565 1678 631 antecedat
1719 564 1998 645 reliquas
2040 561 2409 644 particulas,
2470 583 2584 642 que
2622 563 2689 626 et

495 682 667 753 atque
707 677 833 750 (ac)
875 671 1008 738 fere
1065 689 1270 753 aequa
1313 690 1453 739 esse
1496 673 1739 738 numeri
1782 672 2048 739 doceant
2087 670 2184 736 hi:
2250 680 2305 736 et
2348 671 2534 751 3500,
2575 693 2686 750 que

495 783 638 860 550,
688 805 758 848 ao
799 783 944 863 350,
987 790 1161 861 atque
1201 783 1341 846 100.
1428 780 1611 861 Quod
1649 781 1812 846 idem
1862 781 2191 846 dicendum
2238 781 2359 845 erit
2398 779 2477 846 de
2506 779 2685 845 libris

493 889 962 986 beneficiorum,
1029 867 1282 984 quibus}
1317 909 1400 957 ex
1461 889 1769 958 dissoluto
1836 895 1904 955 et
1964 889 2205 955 conciso
2267 888 2395 954 stili
2457 904 2686 970 genere
2754 915 2759 922 ·

494 1000 777 1064 maxima
829 998 972 1065 cuin
1023 973 1352 1087 epistulis.-
1359 999 1703 1065 similitudo
1746 1003 1861 1066 est.
1946 998 2021 1064 In
2072 997 2339 1080 dialogis
2365 1013 2535 1069 vero
2578 1020 2689 1078 que

432 1104 649 1218 έξὲιιιιι
667 1091 843 1211 ffers
829 1085 1193 1192 exaequet
1192 1107 1404 1182 ιιιιιιιι·
1435 1117 1490 1174 et
1531 1107 1901 1189 particulae,
1944 1107 2131 1192 longe
2167 1113 2383 1173 tamen
2425 1110 2687 1190 superat

427 1205 444 1219 ⁹
493 1205 636 1284 cum
681 1241 754 1284 ac
794 1221 931 1282 tum
973 1235 1117 1284 eam
1159 1217 1451 1298 formam,
1494 1236 1623 1301 qua
1665 1200 1852 1283 nimis
1887 1215 2120 1283 Seneca
2152 1216 2462 1284 abstinuit
2488 1226 2684 1297 atque.

489 1325 594 1391 Ita
656 1326 718 1390 in
781 1325 1032 1408 dialogo
1095 1327 1204 1408 qui
1277 1329 1377 1394 est
1435 1326 1514 1392 de
1576 1325 2039 1407 tranquillitate
2104 1326 2329 1397 animi,
2396 1335 2452 1391 et
2515 1325 2684 1392 circa

493 1437 616 1500 300
657 1436 808 1501 locis
866 1436 1215 1518 iuvenitur,
1284 1459 1394 1517 quc
1440 1438 1589 1521 110,
1654 1460 1727 1503 ac
1773 1436 1879 1513 14,
1947 1443 2122 1516 atque
2162 1436 2223 1499 5.
2309 1433 2682 1512 Quintiliani

491 1560 678 1626 porro
749 1562 935 1609 usum
1000 1546 1237 1626 partim
1301 1563 1441 1610 cum
1493 1547 1837 1611 Annaeano
1898 1543 2393 1612 consentientem
2446 1541 2684 1626 partim

492 1651 966 1718 dissentientem
1014 1655 1352 1722 ostendant
1389 1654 1635 1720 numeri
1680 1653 1785 1736 qui
1831 1654 2262 1738 adparuerunt
2302 1651 2461 1718 mihi
2502 1669 2684 1718 excu-

495 1761 677 1827 tienti
721 1759 917 1828 libros
958 1759 1017 1825 x
1061 1768 1126 1828 et
1163 1761 1279 1830 xl:
1341 1759 1395 1830 ‘et
1440 1765 1621 1842 1000,
1688 1787 1799 1846 que
1842 1761 1983 1844 250,
2029 1787 2101 1831 aa
2138 1763 2277 1842 110,
2323 1773 2499 1844 atque
2534 1743 2682 1843 100,

503 1889 668 1951 quae
735 1871 1193 1953 particularum
1256 1895 1367 1953 que
1429 1876 1495 1940 et
1530 1873 1609 1940 'ac
1651 1873 1882 1958 (atque)
1924 1870 2341 1956 aequabilitas
2384 1871 2684 1952 exiguum

497 1977 781 2061 quidem,
849 1997 974 2046 non
1038 1985 1251 2046 tamen
1319 1980 1847 2051 contemnendum
1898 1982 2100 2048 limati
2146 1987 2341 2062 atque
2379 1979 2687 2046 elaborati

493 2090 800 2156 sermonis
842 2089 1290 2157 documentum
1335 2091 1469 2159 iure
1512 2088 1870 2158 habebitur.
2182 2105 2187 2110 “

687 2195 1093 2265 Salebrosum
1135 2199 1529 2282 ingredietur
1570 2200 1695 2267 iter
1739 2199 1791 2265 is
1827 2200 1935 2282 qui
1975 2199 2128 2266 data
2170 2216 2363 2282 opera
2402 2196 2679 2279 inquiret

491 2306 555 2371 in
599 2325 788 2373 usum
829 2307 1055 2374 harum
1099 2307 1574 2389 particularum,
1619 2308 1864 2373 minuta
1907 2309 2072 2374 enim
2118 2305 2405 2388 quaestio
2447 2310 2547 2373 est
2584 2312 2680 2374 at·

491 2432 616 2498 que
659 2417 931 2500 spinosa,
977 2435 1142 2501 quae
1185 2433 1310 2496 quo
1354 2417 1593 2484 maiore
1633 2415 1946 2483 industria
1977 2415 2335 2499 suscipitur,
2378 2432 2453 2483 eo
2474 2415 2677 2499 magis

489 2523 830 2592 verendum
875 2532 992 2605 est,
1033 2544 1112 2609 ne
1156 2524 1399 2594 frustra
1442 2527 1504 2590 in
1548 2524 1671 2590 fine
1700 2524 1876 2591 nobis
1905 2525 2195 2592 videatur
2224 2532 2289 2590 et
2317 2527 2449 2592 sine
2479 2526 2679 2593 solido

489 2629 701 2699 fructu
769 2637 1180 2717 pertractata.
1279 2634 1518 2700 Tamen
1582 2632 1681 2697 his
1721 2632 2047 2716 particulis
2090 2634 2401 2714 quomodo
2446 2634 2678 2715 singuli

487 2742 825 2826 scriptores
891 2742 990 2807 usi
1044 2742 1189 2819 sint,
1233 2742 1601 2824 priusquam
1654 2745 1950 2807 accurate
1992 2742 2441 2823 investigatum
2486 2746 2679 2825 atque

491 2852 882 2933 propositum
943 2852 1054 2931 sit,
1120 2868 1242 2915 non
1286 2850 1499 2934 potest
1544 2849 1788 2933 sperari
1829 2846 2111 2933 perfecta
2151 2850 2405 2933 linguae
2442 2849 2679 2916 latinae

487 2959 779 3039 historia,
846 2959 945 3025 cui
1008 2960 1101 3025 rei
1153 2960 1208 3026 si
1251 2957 1403 3042 quid
1450 2958 1813 3024 examinato
1854 2957 2129 3025 Senecae
2175 2978 2299 3025 usu
2341 2948 2681 3055 coqtuliss'e

485 3066 914 3165 iudicabimur¹
945 3068 1234 3149 quamvis
1277 3066 1593 3150 pusillum,
1638 3067 1793 3134 satis
1837 3067 2071 3135 erimus
2114 3068 2413 3134 contenti.

694 3176 788 3241 Eo
852 3176 1068 3241 ordine
1131 3174 1430 3259 procedet
1471 3177 1627 3243 haec
1681 3176 2057 3257 disputatio,
2118 3183 2190 3241 ut
2231 3166 2453 3258 paucis
2497 3194 2684 3261 prae·

487 3282 698 3351 missis
740 3286 823 3350 de
872 3288 1104 3351 natura
1147 3286 1537 3366 litterarum,
1596 3284 1825 3366 quibus
1863 3288 2289 3367 anteponatur
2328 3307 2415 3363 ac,
2456 3301 2678 3351 secun·

488 3392 639 3458 dum
704 3393 1038 3459 verborum
1101 3412 1336 3475 genera
1400 3398 1605 3460 totam
1667 3392 2001 3459 materiam
2062 3392 2445 3473 digeramus.
2554 3390 2677 3457 Hic

486 3502 799 3582 quaedam
846 3504 1275 3584 exemplorum
1321 3521 1557 3587 genera
1601 3519 1675 3569 eo
1719 3502 1979 3570 consilio
2015 3498 2560 3584 perlustrabimus,
2604 3505 2679 3566 ut

485 3610 847 3678 interiorem
934 3628 1063 3693 qua
1145 3610 1340 3677 verba
1427 3610 1833 3677 concilientur
1918 3611 2231 3678 rationem
2300 3610 2679 3693 aperiamus.

487 3718 824 3787 Ordiemur
867 3738 1018 3803 ergo
1065 3739 1104 3786 a
1132 3718 1354 3801 verbis,
1393 3724 1737 3802 sequentur
1778 3718 2035 3786 nomina
2077 3718 2491 3799 substantiva,
2534 3724 2671 3783 tum

488 3828 816 3909 adiectiva‚
873 3828 1099 3895 deinde
1139 3831 1531 3912 pronomina,
1576 3828 2095 3927 praepositiones,
2138 3810 2460 3905 adverbia,
2501 3824 2677 3899 deui-

488 3956 612 4018 que
673 3938 1152 4010 coniunctiones.
1240 3936 1444 4016 Quam
1486 3936 1592 4003 ubi
1636 3939 2093 4005 absolverimus
2134 3944 2408 4021 partem,
2474 3946 2679 4020 pauca

488 4046 614 4111 alia
657 4046 1009 4113 adicientur
1048 4047 1355 4129 imprimis
1399 4048 1477 4116 de
1505 4050 1753 4115 ratione
1782 4048 2115 4133 copulandi
2144 4048 2251 4113 ubi
2280 4046 2677 4113 desideretur

485 4155 824 4223 disiunctio
890 4157 1092 4240 deque
1156 4177 1275 4223 usu
1338 4182 1448 4239 que
1511 4158 1865 4240 particulae
1925 4160 1987 4222 in
2053 4156 2332 4224 eiusdem
2397 4156 2673 4224 notionis

486 4266 879 4345 repetitione.
