3009 5000
1401 371 1457 392 μ’·

1401 392 1488 461 w

356 593 510 660 dum
555 615 698 661 cum
738 619 808 660 ac
846 601 1165 674 nequitiae,
1210 594 1274 660 in
1316 611 1440 676 quo
1483 595 1774 676 displicet
1814 595 2229 661 commissura
2270 594 2539 660 duorum

353 707 640 774 diversae
719 705 980 774 rationis
1057 707 1492 790 genetivorum
1563 713 1807 773 hwmam‘
1861 713 2094 789 ymeri-9
2146 709 2213 772 et
2280 707 2538 798 fraudis.

353 814 562 882 Aliam
629 833 780 896 ergo
835 815 1185 899 corrigendi
1229 816 1398 882 viam
1443 817 1765 898 ingressus
1808 826 1862 881 et
1902 815 2213 881 intactum
2254 815 2539 897 relinquo

351 927 416 989 et
468 907 762 990 mendum
819 924 1071 990 vocibus
1121 932 1364 992 humani
1395 933 1631 1005 qen-eris
1670 925 1927 992 subesse
1972 923 2271 1004 suspicor.
2360 919 2539 988 Desi-

351 1033 616 1100 det-atur
655 1033 818 1099 enim
843 1034 1101 1100 verbum
1149 1052 1274 1115 quo
1319 1033 1605 1115 apertius
1650 1035 1718 1098 et
1760 1033 1991 1100 clarius
2034 1033 2141 1099 illa
2180 1051 2283 1099 res
2318 1049 2538 1140 argen-

356 1143 552 1222 taria,
609 1142 688 1208 de
747 1161 874 1226 qua
914 1145 1158 1226 agitur,
1223 1144 1590 1224 castigetur.
1676 1142 2081 1210 Scribendum
2122 1155 2273 1224 ergo
2318 1135 2537 1207 censeo

354 1257 660 1317 mla-umam
696 1257 936 1328 fenoris,
981 1269 1146 1332 quae
1190 1253 1544 1317 coniectura
1584 1233 1827 1316 firmari
1866 1255 1931 1317 et
1958 1244 2349 1338 compr6bari
2371 1251 2539 1316 vide-

349 1365 462 1424 tur
501 1358 776 1426 Senecae
831 1359 1038 1426 verbis
1091 1377 1254 1440 quae
1311 1359 1609 1442 leguntur
1664 1360 1729 1424 in
1780 1358 1903 1424 fine
1946 1360 2133 1427 huius
2178 1359 2425 1442 capitis
2440 1352 2542 1440 {zui

353 1475 459 1534 dat
503 1474 791 1546 beneficia,
837 1475 975 1534 deos
997 1475 1300 1545 ⁸imitatur,
1346 1473 1448 1548 qui
1487 1476 1713 1548 repetit,
1766 1471 2142 1547 feneratores,

1378 1669 1525 1734 XII.

549 1783 617 1850 Si
669 1785 856 1865 plura
907 1787 1164 1851 nomina
1207 1787 1307 1850 vel
1370 1787 1699 1852 enuntiata
1758 1787 1979 1854 eodem
2020 1787 2157 1851 iure
2201 1791 2539 1870 ponuntur,

353 1891 620 1976 singulis
663 1893 892 1974 copula
935 1897 1050 1958 aut
1085 1912 1209 1958 non
1253 1889 1703 1976 interponitur,
1751 1913 1915 1977 quae
1958 1902 2056 1962 est
2096 1895 2303 1978 figura
2344 1895 2540 1962 disso-

351 2001 630 2081 lutioniS,
677 2009 789 2066 aut
831 2002 1270 2082 interponitur,
1317 2004 1483 2083 quod
1528 2009 1794 2070 vocatur
1836 2005 2307 2088 polysyndeton.
2371 2003 2541 2072 Rara

351 2115 570 2177 tamen
625 2111 692 2175 in
730 2110 1073 2193 posteriore
1113 2109 1322 2193 figura
1365 2115 1462 2176 est
1505 2113 1895 2178 coacervatio
1936 2100 2391 2193 particularum
2432 2137 2541 2194 que

353 2223 420 2282 et
460 2242 548 2298 ao,
593 2235 862 2299 quarum
905 2217 1014 2284 illa
1045 2222 1118 2284 ut
1143 2219 1353 2299 rigore
1382 2238 1456 2284 ac
1481 2217 1782 2286 firmitate
1808 2215 2196 2302 compaginis
2229 2227 2543 2301 augeatur

349 2328 632 2410 gravitas
677 2325 1008 2393 verborum
1027 2377 1044 2409 ‚
1108 2327 1390 2410 legitime
1449 2327 1707 2410 ponitur
1761 2329 1827 2394 in
1872 2329 2433 2396 senatusconsultis
2476 2333 2543 2394 et

349 2436 634 2505 decretis.
720 2435 939 2503 Utitur
999 2453 1150 2521 ergo
1191 2437 1312 2505 hac
1354 2437 1641 2503 sollemni
1683 2437 1927 2505 dicendi
1970 2437 2217 2504 ratione
2257 2437 2540 2521 Dispiter

349 2548 414 2612 in
447 2546 614 2615 -lndo
665 2566 718 2613 c.
761 2547 835 2624 9,
901 2546 1011 2613 ubi
1067 2547 1446 2615 sententiam
1484 2546 1609 2613 fert
1650 2548 1729 2613 de
1769 2544 1913 2615 divo
1958 2540 2219 2614 Claudio
2258 2539 2429 2613 'hune
2448 2542 2453 2547 ’
2474 2546 2539 2611 in

351 2656 607 2721 modum
680 2680 811 2723 cum
873 2688 958 2704 -··
1016 2664 1311 2739 continyat
1374 2665 1684 2739 lanaeque
1750 2694 1819 2705 -—-
1887 2663 2194 2723 antecellat
2248 2649 2471 2737 sitque
2512 2680 2543 2723 e

347 2772 662 2844 republica,
703 2786 902 2831 censeo
941 2775 1010 2831 ut
1060 2800 1127 2815 -·-
1175 2773 1317 2832 deas
1353 2758 1432 2831 sit
1475 2788 1748 2847 eamque
1791 2788 1919 2831 rem
1954 2772 2037 2831 ad
2062 2771 2541 2843 metamorphosis

349 2880 546 2939 Ovidii
599 2880 984 2939 adiciendam.
1071 2876 1282 2955 Atque
1338 2872 1641 2939 maiorem
1698 2879 1867 2939 certe
1908 2874 2041 2939 vim'
2076 2874 2277 2938 voluit
2334 2874 2540 2939 inesse

349 2981 588 3049 Seneca
651 2982 845 3047 etiam
908 2987 1248 3063 praecepto
1306 2981 1473 3065 quod
1538 2982 1651 3048 dat
1703 2981 1781 3047 de
1836 2978 2039 3046 officio
2086 2982 2437 3062 regentium
2472 2986 2541 3047 et

351 3090 764 3157 iudicantium
807 3088 888 3154 di.
927 3089 1024 3154 III
1069 3090 1128 3171 6,
1173 3092 1212 3153 3
1251 3099 1340 3156 ita
1395 3096 1588 3171 layum
1640 3096 1975 3167 praesidem
2012 3096 2378 3170 civitatisque
2415 3112 2541 3156 rec-

349 3208 534 3264 torem
595 3205 754 3264 dccet
806 3233 875 3245 ·-
924 3206 1162 3279 inqenia
1209 3220 1422 3263 cwrare
1435 3246 1450 3274 ,
1514 3207 1581 3263 ut
1637 3202 1916 3276 facienda
1961 3196 2213 3262 suadeat
2252 3205 2539 3277 cupidita-

271 3290 282 3301 ’
351 3318 603 3387 temque
661 3313 886 3373 honesti
943 3316 998 3371 et
1057 3314 1230 3386 aequi
1294 3313 1556 3371 conciliet
1612 3312 1827 3371 amnis
1882 3310 2209 3385 faciatque
2264 3314 2539 3373 vitiorum

225 3402 244 3419 ⁸
349 3422 564 3492 odium,
607 3423 869 3495 pretium
908 3422 1206 3480 virtutum.
1296 3416 1382 3479 At
1425 3413 1809 3481 deminuitnr
1848 3414 2165 3494 elegantia
2208 3416 2535 3495 sermoniS,

351 3524 401 3591 si
443 3523 808 3607 duplicatur
849 3522 1160 3604 particula
1201 3522 1308 3588 ubi
1351 3522 1463 3589 illa
1506 3516 1685 3588 ratio'
1712 3536 1841 3588 non
1886 3522 2403 3605 adparet‚·quale
2444 3530 2543 3591 est

351 3632 517 3715 quod
579 3632 818 3713 legitur
863 3650 924 3697 n.
970 3648 1032 3713 q.
1073 3631 1166 3697 VI
1209 3633 1262 3709 1,
1316 3633 1394 3697 10
1450 3638 1597 3697 istos
1658 3638 1761 3711 qm?
1819 3635 2182 3711 Campaniae
2240 3640 2541 3699 renuntia-

355 3752 565 3809 verimi
606 3750 958 3821 quique—
993 3748 1424 3821 emiyraverwzt
1463 3750 1823 3820 aequatque
1875 3772 1945 3787 ·-—
1984 3732 2155 3819 ipsos'
2186 3762 2538 3820 accessmm,

352 3848 460 3914 ubi
523 3859 847 3930 mamque
895 3849 1061 3915 iusto
1121 3848 1556 3929 neglegentius
1614 3846 1850 3913 dictum
1903 3855 2106 3930 putes·
2138 3866 2255 3930 pro
2308 3858 2365 3914 et
2404 3854 2539 3915 illos

347 3965 451 4037 qm·
473 3966 720 4039 mqant.
799 3956 920 4025 Sed
968 3956 1296 4023 rarissima
1337 3962 1486 4023 sunt
1520 3956 1709 4023 h‘uius
1742 3954 1991 4040 generis
2016 3952 2307 4039 exempla
2334 3970 2539 4040 neque

347 4088 520 4133 ao-ao
567 4064 712 4147 plus
763 4066 984 4134 semel'
1010 4084 1108 4129 me
1165 4066 1390 4148 legisse
1447 4066 1701 4131 memini
1714 4088 1730 4147 3
1797 4070 1897 4132 est
1936 4066 2029 4131 ita
2070 4084 2129 4131 n.
2153 4052 2234 4146 'q.
2279 4066 2313 4131 I
2352 4067 2413 4150 5,
2459 4065 2539 4131 12

349 4180 507 4241 dum
546 4182 782 4255 corpori
825 4198 894 4243 ac
935 4182 1136 4241 stabili
1175 4196 1248 4241 ac
1285 4182 1561 4240 mansodi.
1972 4197 1977 4205 ‘

559 4282 890 4355 niven-sam
949 4288 1178 4351 autem,
1201 4284 1597 4350 diversarum
1638 4284 1865 4349 harum
1907 4282 2371 4365 particularum·
2412 4284 2539 4348 vim

347 4396 634 4475 tompore
679 4393 1126 4475 progrediente
1176 4394 1402 4477 magis,
1425 4411 1502 4462 ac
1542 4393 1756 4477 magis
1795 4393 2125 4460 evanuisse
2166 4408 2243 4459 ea
2288 4410 2388 4459 res
2433 4391 2533 4457 vel
