3009 5000
1493 425 1643 528 5=

414 636 583 694 turae
645 635 710 696 et
747 637 1084 710 procerum,
1143 631 1234 696 sic
1278 636 1345 698 et
1386 632 1448 696 in
1493 633 1585 698 eis
1638 651 1803 716 quae
1847 619 2147 721 secuntur
2190 639 2425 701 certam
2472 654 2610 702 ver-

411 734 634 803 borum
707 738 1162 820 oppositionem
1226 739 1674 808 desideramus.
1772 742 1955 808 Nunc
2020 746 2237 808 autem
2304 750 2379 809 ut
2436 743 2607 810 dicta

411 851 562 912 sunt
605 844 830 926 verba,
906 864 1029 912 uno
1074 852 1141 913 et
1181 855 1351 914 certo
1396 834 1675 916 membro
1715 851 2039 917 nominato
2086 853 2152 918 in
2194 870 2428 918 vanum
2471 853 2611 920 abit

407 953 709 1022 orationis
776 955 1080 1038 gravitas,
1147 974 1338 1037 quam
1398 959 1695 1025 restituet
1739 961 1847 1040 qui
1891 978 2036 1026 cum
2078 961 2316 1028 Haasio
2358 968 2608 1029 resecat

401 1063 600 1130 verba
640 1087 710 1130 ac
751 1072 964 1130 amisso
1005 1073 1196 1150 oculo,
1251 1086 1415 1148 quae
1455 1066 1675 1135 addita
1716 1087 1853 1136 esse
1895 1071 2185 1137 videntur
2221 1051 2303 1138 ab
2346 1072 2599 1139 homine

402 1165 751 1239 recordato'
799 1171 968 1239 inter
1022 1192 1129 1240 eas
1172 1175 1585 1252 calamitates,
1632 1195 1795 1260 quae
1838 1179 2193 1263 sapientem
2232 1199 2306 1246 ex
2350 1181 2601 1263 aequali

399 1279 720 1348 felicitatis
774 1286 949 1347 statu
1014 1301 1138 1349 non
1193 1285 1573 1368 propellant,
1618 1287 1784 1354 hanc
1826 1295 2077 1371 quoque
2116 1289 2457 1370 nominari3
2529 1289 2611 1356 cf.

402 1391 572 1460 enim
613 1407 779 1472 quae
821 1392 900 1459 de
943 1391 1165 1458 eadem
1208 1392 1328 1460 hac
1369 1411 1440 1459 re
1481 1391 1685 1461 fusius
1726 1395 2133 1462 disseruntur
2177 1417 2273 1482 ep.
2318 1399 2377 1478 9,
2422 1399 2483 1463 4.

1339 1595 1353 1606 ’
1461 1645 1545 1713 11.

599 1771 677 1838 In
727 1771 1164 1838 coniunctione
1217 1771 1484 1838 duorum
1532 1772 1863 1840 verborum
1911 1793 2027 1857 per
2067 1769 2447 1856 particulam
2495 1799 2607 1856 que

403 1879 580 1947 facta
622 1881 702 1948 de
740 1882 831 1948 eis
873 1887 1126 1949 tantum
1149 1881 1356 1948 verbis
1397 1899 1513 1950 nos
1542 1887 1797 1950 acturos
1826 1902 1981 1964 esse,
2027 1902 2193 1964 quae
2219 1901 2343 1950 non
2366 1884 2600 1952 distra-

399 1990 644 2056 hantur
681 1989 763 2054 ad
807 1990 1054 2058 diversa
1095 1991 1440 2070 enuntiata,
1486 1992 1595 2058 vix
1638 1997 1738 2058 est
1782 1993 1955 2073 quod
1994 1993 2323 2060 addamus.
2388 1991 2603 2060 Pauca

405 2104 558 2164 sunt
583 2170 597 2180 .
621 2117 740 2166 nec
801 2116 879 2165 ea
935 2097 1312 2166 sufficientia
1330 2147 1346 2176 ,
1409 2117 1575 2180 quae
1638 2105 1827 2167 caute
1867 2105 1943 2165 ut
1986 2101 2083 2166 fas
2128 2105 2293 2178 erat,
2364 2100 2444 2167 de
2486 2101 2607 2169 hac

401 2207 815 2288 componendi
857 2209 1102 2275 ratione
1143 2208 1503 2290 Draegerus
1548 2209 1698 2276 dicit
1739 2227 1801 2290 p.
1848 2211 1931 2276 40
1966 2209 2128 2290 libri,
2174 2210 2273 2278 cui
2314 2209 2599 2277 inscribi-

398 2320 509 2383 tur
559 2315 974 2384 ‘Historische
1031 2318 1271 2401 Syntax
1337 2318 1450 2386 der
1512 2318 1625 2385 lat.
1691 2309 2007 2400 Sprache'.
2094 2318 2234 2385 Non
2296 2320 2460 2384 enim
2506 2320 2595 2388 ita

401 2443 592 2508 saepe
652 2449 765 2507 que
801 2425 884 2491 ad
927 2427 1364 2509 coniungenda
1405 2429 1530 2494 duo
1572 2427 1767 2494 verba
1809 2428 2163 2494 adhibitum
2208 2447 2347 2496 esse
2388 2433 2590 2513 putat.
2678 2446 2685 2464 ¹

401 2534 532 2601 Nec
573 2536 680 2616 qui
725 2534 1141 2619 perexiguum
1182 2555 1517 2603 numerum
1542 2537 1873 2605 verborum
1913 2537 2252 2619 perlegerit
2276 2540 2591 2607 communi

399 2643 850 2717 consuetudine
893 2646 1198 2711 sermonis
1241 2653 1655 2729 receptorum,
1705 2646 1917 2726 qualia
1950 2650 2099 2713 sunt
2126 2668 2303 2728 aqere
2325 2651 2390 2713 et
2404 2647 2591 2729 ferre,

285 2752 288 2755 ’
396 2760 589 2819 vivere
652 2758 719 2819 et
759 2760 954 2835 viyere
969 2802 986 2831 ‚
1057 2767 1270 2821 errore
1311 2754 1705 2837 Draegerum
1745 2753 2001 2836 lapsum
2044 2754 2278 2821 credet.
2364 2754 2595 2837 Ingens

399 2867 616 2929 tamen
659 2861 838 2944 copia
863 2859 1248 2933 'obfundetur
1282 2860 1513 2925 talium
1545 2861 2064 2943 compositionum
2098 2859 2373 2927 Senecae
2400 2862 2595 2928 libros

400 2972 754 3050 evolventi,
815 2989 974 3054 quas
1035 2972 1100 3035 in
1165 2974 1504 3051 conspectu
1565 2971 1711 3052 poni
1774 2988 1809 3035 e
1874 2990 1943 3037 re
2008 2987 2143 3036 esse
2185 2968 2412 3035 iudico.
2500 2970 2595 3036 Ac

397 3079 673 3163 primum
716 3080 968 3162 quidem
1013 3080 1092 3145 de
1133 3077 1354 3145 formis
1382 3078 1717 3144 verborum
1760 3081 1977 3144 utrum
2020 3083 2229 3143 certas
2272 3078 2445 3160 leges
2476 3078 2593 3145 sibi

399 3187 684 3271 posuerit
728 3191 949 3255 auctor
991 3205 1073 3253 an
1115 3204 1330 3255 omnes
1371 3206 1573 3268 aeque
1616 3186 1975 3253 adhibuerit
2016 3205 2419 3270 quaeramus.
2492 3187 2595 3252 In-

397 3295 640 3364 finitivo
691 3296 874 3362 modo
918 3298 1104 3364 activi
1148 3298 1396 3379 generis
1437 3318 1548 3377 que
1590 3295 1905 3362 adiectum
1952 3315 2030 3363 ne
2074 3296 2244 3377 apud
2288 3296 2593 3365 Senecam

395 3405 651 3487 quidem
692 3406 1047 3500 invenitur„
1071 3426 1212 3474 cum
1244 3412 1547 3490 respuant
1576 3424 1784 3489 aures,
1822 3410 1895 3470 ut
1919 3411 2099 3487 puto,
2140 3409 2584 3487 conreptarum

405 3513 827 3598 syllabarum*-
857 3514 1278 3596 frequentiam
1337 3514 1809 3597 periculumque
1852 3513 1935 3579 sit
1977 3530 2055 3577 ne
2100 3514 2195 3581 vis
2236 3513 2423 3579 huius
2468 3513 2590 3579 for-

401 3642 544 3689 mae
585 3624 794 3705 posita
835 3622 898 3688 in
942 3640 1014 3687 eo
1033 3674 1048 3702 ,
1114 3630 1186 3689 ut
1225 3622 1412 3705 plane
1453 3621 1834 3687 exaudiatur
1875 3622 2091 3688 littera
2131 3620 2369 3702 finali8‚
2435 3640 2589 3689 sono

399 3733 608 3800 minus
651 3732 821 3799 claro
861 3738 1256 3799 extenuetur.
1342 3729 1644 3797 Infinitivi
1688 3748 1837 3795 vero
1883 3732 2117 3814 passivi
2160 3731 2406 3811 generis
2448 3750 2589 3797 cum

398 3847 590 3909 acuta
629 3840 930 3909 finiantur
973 3842 1192 3919 vocali,
1238 3841 1361 3906 tuti
1406 3847 1558 3907 sunt
1596 3840 1677 3905 ab
1720 3840 1831 3907 illo
1870 3839 2271 3909 obscurItatis
2316 3840 2588 3969 periculo

397 3968 666 4031 eamque
709 3950 790 4015 ob
833 3968 1092 4017 causam
1137 3948 1480 4016 identidem
1524 3955 1809 4017 exstant.

543 4060 689 4113 sumi
719 4060 970 4129 deponiq.
1011 4058 1088 4114 di.
1125 4060 1203 4114 111
1241 4058 1692 4127 17‚1.zae‹iere
1728 4058 1923 4129 laediq.
1961 4075 2044 4129 ep.
2082 4060 2169 4128 95,
2179 4031 2293 4114 49.
2452 4124 2457 4130 Ι

542 4154 630 4209 uti
660 4154 833 4225 fruiq.
869 4154 946 4210 di.
995 4154 1074 4209 XI
1123 4157 1204 4225 10,
1257 4157 1304 4209 1.
1411 4154 1646 4225 aaudere
1696 4154 1943 4224 laetor-iq.
1992 4153 2067 4208 di.
2104 4154 2182 4211 IV
2216 4157 2268 4224 6,
2308 4158 2357 4209 2.
2466 4156 2590 4225 0092·

543 4250 832 4321 compdliq.
867 4268 954 4321 ep.
993 4252 1079 4320 52,
1117 4253 1167 4305 4.
1275 4249 1430 4305 caedi
1466 4250 1711 4319 vexas-iq.
1748 4249 1825 4306 di.
1864 4249 1891 4302 Ι
1927 4250 1977 4319 2,
2014 4253 2065 4305 3.
2154 4251 2421 4307 concitari
2464 4267 2587 4306 con·

543 4346 811 4417 tristato-Q.
852 4346 928 4402 di.
967 4347 1041 4404 IV
1079 4348 1129 4417 7,
1169 4348 1220 4401 1.-
1322 4345 1562 4402 tramiri
1604 4346 1861 4416 cutem-iq.
1910 4347 1984 4401 di.
2031 4346 2081 4402 V
2124 4348 2211 4417 21,
2254 4349 2305 4403 2.
2412 4348 2587 4405 averti

541 4441 713 4511 tomq.
746 4461 800 4498 n.
838 4459 890 4513 q.
929 4444 979 4497 11
1019 4444 1101 4498 47.
1210 4444 1347 4499 solvi
1380 4443 1630 4512 vitias-iq.
1664 4461 1701 4497 n
1760 4460 1813 4513 q.
1852 4442 2079 4513 Vll-13,
2120 4443 2171 4499 3.
