3009 5000
909 1477 915 1486 ’
969 1495 1062 1563 Ut
1105 1501 1484 1580 componant
1531 1497 1816 1580 singulas
1859 1496 2149 1564 notiones
2178 1499 2245 1561 et
2270 1499 2410 1561 tota
2432 1493 2780 1602 enuntiata³

772 1603 1074 1672 adhibent
1101 1604 1370 1671 Romani
1413 1606 1759 1688 particulas
1806 1615 1879 1682 et,
1922 1627 2049 1687 que,
2094 1628 2162 1670 ac
2204 1603 2306 1670 vel
2340 1613 2530 1684 atque.
2618 1601 2782 1690 Disc1¹

774 1715 943 1798 quod
987 1715 1150 1779 inter
1193 1731 1303 1780 eas
1348 1714 1703 1782 intercedat
1745 1719 1812 1781 et
1850 1715 1960 1794 qui
2000 1713 2253 1796 proprie
2282 1713 2511 1792 cuique
2532 1710 2616 1777 sit
2641 1707 2785 1788 usus

777 1823 1054 1890 indicare
1099 1822 1300 1904 volet,
1364 1823 1458 1888 ita
1522 1821 1657 1889 fere
1714 1823 1907 1890 dicet:
1974 1840 2089 1904 per
2130 1832 2185 1888 et
2224 1819 2581 1888 enumerari
2624 1821 2787 1894 verb;

776 1929 1125 2000 sententias
1186 1930 1484 1998 interiore
1500 1997 1519 2023 ,
1551 1931 1797 1998 ratione
1854 1930 2146 2014 neglecta
2158 1963 2193 2010 ,-
2245 1946 2361 2012 per
2417 1952 2489 1996 ac
2530 1928 2759 2010 (atque)

776 2041 1038 2124 adiungi
1081 2039 1180 2106 vel
1219 2057 1387 2122 quae
1428 2032 1570 2106 cum
1615 2041 1929 2123 gravitate
1974 2039 2249 2122 quadam
2292 2029 2785 2119 pronuntientur

777 2171 890 2230 que
951 2146 1391 2229 comprehendi
1453 2166 1618 2231 quae
1686 2153 1823 2214 arte
1889 2147 2287 2214 cohaereant.
2373 2143 2511 2211 Sed
2539 2151 2613 2211 ut
2652 2143 2787 2212 fere

776 2255 1018 2335 borum,
1065 2273 1228 2338 quae
1272 2257 1337 2321 in
1377 2253 1695 2337 frequenti
1739 2275 1861 2322 usu
1904 2257 2075 2335 sunt,
2118 2253 2394 2336 genuina
2436 2259 2502 2319 et
2544 2253 2795 2336 primae

774 2365 986 2432 ficatio
1029 2363 1384 2432 deflectitur
1421 2371 1488 2432 et
1530 2364 1859 2446 paululum
1897 2367 2355 2443 commutatur,
2402 2364 2491 2429 sic
2534 2361 2679 2428 illae
2721 2379 2797 2442 qu

778 2472 1132 2559 particulae
1171 2473 1477 2557 paulatim
1521 2489 1663 2538 cum
1706 2489 1858 2538 cura
1901 2471 2205 2554 distingui
2245 2471 2567 2539 desierunt
2593 2477 2658 2539 et
2687 2470 2799 2536 soli

778 2583 1078 2667 iungendi
1143 2581 1387 2649 muneri
1446 2577 1858 2649 inservientes
1923 2582 2184 2667 invicem
2243 2581 2424 2648 sedes
2477 2588 2797 2648 commuta

779 2692 1052 2759 Ventum
1093 2692 1287 2775 igitur
1329 2688 1705 2773 procedente
1749 2696 2032 2773 tempore
2078 2709 2151 2757 eo
2196 2696 2313 2771 est,
2363 2697 2434 2757 ut
2477 2708 2605 2773 qua
2654 2694 2799 2774 part

781 2802 877 2867 uti
923 2800 1134 2881 vellet,
1199 2796 1371 2866 haud
1433 2816 1582 2865 raro
1642 2799 1707 2864 in
1773 2798 2101 2880 scriptoris
2160 2798 2421 2868 arbitrio
2463 2801 2741 2884 positum
2789 2822 2799 2863 ι

781 2910 976 2977 Velut
1019 2906 1360 2974 abhorrent
1403 2926 1443 2972 a
1486 2907 1771 2988 priorum
1812 2912 2169 2991 temporum
2213 2910 2554 2976 severitate
2594 2928 2759 2990 quae

783 3016 1078 3083 Tacitum
1133 3013 1500 3099 saepissime
1553 3016 1855 3097 leguntur
1896 3017 2220 3099 complura
2264 3018 2544 3086 eiusdem
2586 3019 2739 3083 iuris
2783 3038 2799 3075 i

781 3127 972 3193 variis
1037 3124 1241 3192 modis
1305 3125 1622 3208 copulata.
1710 3126 1813 3193 Ita
1875 3137 1932 3193 et
1992 3134 2125 3193 ideo
2186 3129 2253 3193 et
2299 3136 2543 3209 ideoque
2583 3129 2648 3194 in
2700 3128 2799 3195 Sei

782 3234 961 3301 libris
1002 3234 1356 3318 promiscue
1400 3232 1685 3301 adhibita
1728 3239 1897 3313 sunt,
1944 3253 2212 3318 quorum
2255 3238 2433 3319 prius
2476 3236 2799 3317 Quintiliar

785 3344 1148 3411 stitutiones
1189 3342 1424 3427 legenti
1476 3342 1799 3411 rarissime
1843 3347 2149 3411 occurret.
2237 3342 2566 3429 Similique
2611 3346 2793 3414 modo

786 3448 1044 3518 Curtius
1085 3452 1290 3518 Rufus
1356 3461 1412 3516 et
1472 3455 1538 3517 et
1601 3474 1671 3517 ac
1731 3451 2115 3534 particulam
2177 3470 2316 3518 cum
2381 3461 2503 3519 iam
2565 3454 2799 3521 coniun·

790 3560 1001 3638 Quare
1050 3576 1241 3642 quam
1272 3559 1448 3625 vario
1491 3558 1736 3625 dicendi
1780 3577 2013 3641 genere
2055 3566 2318 3628 utantur
2360 3560 2715 3643 scriptores,
2760 3581 2798 3627 v

790 3668 1259 3735 levissimarum
1300 3667 1530 3733 harum
1573 3668 2031 3750 particularum
2083 3690 2205 3737 usu
2247 3675 2314 3736 et
2352 3670 2708 3751 frequentia
2738 3672 2800 3735 in

793 3777 984 3859 gitur.
1071 3772 1212 3842 Non
1264 3793 1646 3856 magnopere
1699 3776 2014 3861 discrepat
2058 3778 2118 3842 in
2163 3778 2361 3847 Curtii
2404 3778 2669 3846 historia
2712 3798 2799 3844 nu

793 3895 849 3951 et
904 3884 985 3951 ab
1029 3908 1164 3969 que,
1230 3887 1300 3950 at
1339 3902 1566 3950 rursus
1608 3885 1792 3969 longe
1835 3886 1952 3953 hoc
1993 3885 2384 3971 frequentius
2426 3894 2525 3955 est
2568 3906 2761 3972 quam

793 4002 985 4075 atque.
1070 3992 1324 4059 Videbis
1389 3994 1580 4072 enim,
1651 3996 1706 4061 si
1771 4014 1902 4063 rem
1968 3986 2057 4062 ad'
2114 3996 2385 4064 calculos
2425 4000 2799 4064 revocaveris

793 4102 1011 4201 primis
1048 4102 1295 4169 duobus
1336 4102 1516 4169 libris
1560 4113 1615 4169 et
1642 4105 1920 4185 positum
1963 4106 2209 4172 circiter
2235 4107 2360 4171 470
2390 4106 2559 4188 locis,
2604 4130 2714 4188 que
2744 4110 2799 4171 35

794 4212 897 4292 50,
938 4218 1114 4291 atque
1155 4210 1254 4276 25.
1323 4208 1562 4276 Seneca
1604 4218 1818 4277 autem
1843 4214 1951 4294 qui
1974 4216 2182 4287 minus
2200 4214 2529 4297 perpolitis
2550 4216 2799 4281 verbis«

794 4318 1093 4403 gravibus
1142 4319 1472 4387 sententiis
1524 4321 1768 4388 animos
1817 4327 2057 4409 movet,
2106 4323 2344 4391 leviore
2395 4318 2643 4389 vinculo
2688 4343 2799 4390 ora

795 4428 1082 4496 membra
1119 4431 1442 4495 conectere
1485 4428 1666 4496 solet.
1751 4431 1826 4497 In
1868 4434 2162 4515 epistulis
2210 4434 2463 4516 quidem
2509 4443 2565 4499 et
2605 4435 2697 4499 ita
2723 4452 2798 4515 pr

2550 4544 2577 4597 1
