3009 5000
1524 389 1566 506 Ξ),

1525 742 1576 808 Ι.

645 871 882 939 Notum
940 878 1040 942 est
1103 897 1176 945 ac
1239 891 1364 938 non
1428 859 1580 956 poni
1644 877 1792 940 ante
1855 877 2109 942 litteras
2145 876 2398 943 vocales
2457 880 2524 942 et
2578 881 2638 940 h.

444 980 565 1046 Cui
627 981 752 1062 legi
821 987 896 1048 ut
942 981 1246 1049 Senecam
1308 998 1559 1064 quoque
1622 1001 1691 1048 se
1735 981 2087 1065 adplicasse
2128 984 2411 1053 dicamus
2426 1033 2441 1064 ,
2508 984 2636 1052 (luo

445 1089 797 1172 corrigendi
839 1089 1017 1158 nobis
1055 1097 1206 1158 sunt
1242 1091 1378 1158 loci.
1462 1091 1721 1160 Litteris
1760 1098 1977 1163 autem
2005 1095 2489 1162 consonantibus
2512 1111 2633 1160 non

445 1215 650 1282 aeque
708 1197 924 1264 favere
985 1200 1363 1281 particulam
1425 1221 1504 1268 ex
1544 1201 1664 1268 hac
1703 1202 1956 1281 tabula,
2021 1204 2087 1268 in
2130 1220 2260 1283 qua
2300 1221 2377 1268 ea
2418 1202 2638 1268 littera

441 1308 548 1377 cui
591 1308 965 1390 saepissime
1004 1326 1142 1376 sese
1187 1309 1479 1392 adiungit
1520 1333 1611 1389 ac,
1656 1311 1932 1392 primum
1961 1311 2167 1378 locum
2199 1293 2401 1398 tenet,
2438 1311 2637 1380 mani-

442 1414 678 1483 festum
741 1417 897 1483 erit:
961 1425 1398 1504 spanni-v
1445 1427 2011 1503 frtnbiqc.
2098 1418 2337 1505 Negari
2385 1419 2634 1502 quidem
2758 1467 2767 1474 -

444 1541 570 1610 non
627 1531 840 1608 potest
879 1527 1117 1594 variam
1147 1602 1153 1610 ,
1183 1527 1348 1594 hanc
1407 1527 1838 1610 exemplorum
1898 1528 2321 1610 frequentiam
2362 1528 2636 1610 pendere

443 1635 909 1716 quodammodo
965 1654 1043 1702 ex
1111 1637 1349 1704 maiore
1391 1637 1490 1703 vel
1530 1638 1767 1706 minore
1797 1642 2026 1704 ‘eorum
2072 1637 2253 1724 copia
2297 1621 2634 1703 verborum

445 1760 613 1824 quae
673 1763 713 1812 a
775 1745 1038 1830 singulis
1100 1727 1333 1815 litteris
1395 1746 1711 1830 incipiant.
1797 1745 1884 1812 At
1934 1745 2103 1830 quod
2146 1745 2451 1829 conligari
2494 1763 2633 1812 sese

442 1869 590 1918 cum
651 1853 886 1922 litteris
947 1837 1378 1936 gutturalibus
1440 1879 1479 1936 q
1530 1859 1597 1920 et
1644 1880 1685 1937 ρ
1747 1872 1937 1937 aegre
1997 1855 2243 1937 patitur
2264 1853 2313 1938 ¹)
2358 1890 2431 1902 —-
2480 1872 2631 1920 nam

443 1961 640 2028 semel
681 1966 934 2029 tantum
975 1968 1126 2030 ante
1167 1988 1224 2046 q,
1293 1980 1606 2047 nusquam
1651 1968 1801 2032 ante
1841 1989 1882 2046 ρ
1921 1963 2157 2051 legitur
2203 1998 2275 2010 —
2325 1981 2450 2029 non
2494 1962 2634 2030 sola

439 2071 668 2136 talium
715 2072 1050 2142 verborum
1119 2073 1386 2140 raritate
1437 2071 1822 2156 explicatur3
1887 2078 2023 2138 tum
2067 2077 2219 2138 ante
2259 2095 2291 2138 c
2331 2070 2633 2152 litteram,

441 2197 573 2260 qua
633 2178 768 2248 fere
829 2181 1008 2248 nulla
1065 2183 1194 2249 alia
1227 2184 1482 2266 saepius
1532 2180 1613 2248 ab
1657 2182 1836 2248 initio
1886 2182 2223 2248 verborum
2266 2181 2471 2263 posita
2512 2184 2631 2258 est,

445 2307 570 2356 uno
615 2295 876 2374 excepto
916 2290 1054 2357 loco
1097 2309 1222 2358 non
1264 2292 1599 2358 invenitur.
1687 2279 1933 2375 Quippe
1974 2291 2263 2357 molestia
2303 2295 2369 2355 et
2398 2289 2632 2356 duritia

441 2400 583 2466 soni
627 2399 925 2482 prohibiti
970 2399 1239 2468 Romani
1280 2400 1590 2480 videntur,
1637 2393 1973 2482 quominus
2016 2399 2134 2468 has
2176 2401 2427 2466 litteras
2468 2416 2633 2465 com-

440 2512 788 2577 mitterent.
874 2509 1108 2579 Contra
1144 2530 1269 2579 uno
1309 2513 1593 2579 alterove
1642 2512 1932 2594 exemplo
1976 2528 2320 2591 movemur,
2371 2514 2445 2574 ut
2483 2507 2633 2575 faci-

443 2619 628 2687 litate
666 2619 940 2702 quadam
983 2628 1282 2703 putemus
1323 2626 1390 2687 et
1429 2621 1747 2688 suavitate
1790 2620 1955 2687 banc
1996 2620 2095 2687 vel
2132 2620 2309 2695 illam
2344 2618 2627 2685 litteram

443 2726 752 2811 praeferri
803 2748 844 2795 a
897 2730 1323 2811 scriptoribus.
1409 2730 1571 2799 Hinc
1628 2734 1779 2797 ante
1824 2753 1857 2797 s
1900 2734 1965 2794 et
2006 2736 2049 2795 d
2082 2734 2147 2795 et
2186 2728 2395 2811 magis
2435 2728 2629 2793 etiam

443 2844 594 2907 ante
633 2846 655 2905 l
697 2837 996 2906 Senecam
1065 2862 1136 2905 ac
1197 2840 1486 2921 posuisse
1549 2840 1848 2922 suspicor.
1935 2838 2095 2903 Hinc
2139 2838 2332 2903 etiam
2374 2854 2630 2902 causam

446 2952 692 3031 repeto,
747 2965 862 3015 cur
906 2948 1161 3015 Curtius
1202 2948 1453 3031 saepius
1485 2966 1678 3031 quam
1724 2952 1871 3014 ante
1904 2952 2149 3015 ceteras
2191 2946 2441 3012 litteras
2484 2947 2633 3011 ante

441 3080 486 3123 n
526 3055 885 3124 adhibuerit
921 3080 1010 3125 ac.
1057 3098 1060 3109 -
1095 3055 1306 3139 Atque
1347 3074 1611 3137 perrara
1640 3055 1819 3123 initio
1843 3055 2178 3121 verborum
2208 3054 2365 3121 haec
2392 3054 2629 3119 littera.
2759 3064 2772 3079 ‘

445 3165 692 3233 Obicies
757 3166 921 3233 inter
963 3166 1045 3231 26
1097 3164 1214 3231 hos
1252 3165 1424 3233 locos
1460 3170 1562 3247 ter
1604 3169 1755 3231 ante
1802 3164 2299 3231 coniunctionem
2338 3184 2441 3241 ne,
2503 3164 2634 3259 ter-

444 3275 647 3343 decies
689 3280 840 3341 ante
875 3281 1212 3357 ote-quidem
1251 3275 1527 3357 positum
1569 3292 1709 3343 esse
1748 3298 1839 3353 ac,
1878 3293 2004 3342 non
2048 3276 2307 3355 propter
2334 3275 2629 3336 naturam

443 3383 672 3450 harum
732 3383 1096 3451 litterarum
1157 3381 1557 3451 familiariter
1618 3382 1785 3448 inter
1850 3400 1919 3449 se
1978 3380 2479 3449 convenientium
2520 3378 2631 3445 sed

442 3506 568 3573 quo
651 3489 1106 3573 significantius
1183 3514 1256 3557 ac
1322 3491 1637 3573 particula
1704 3507 1870 3555 nova
1936 3506 2038 3555 res
2107 3484 2632 3583 praecedentibus

443 3598 884 3681 subiungatur.
970 3600 1273 3665 Attamen
1316 3598 1485 3665 valet
1525 3596 1693 3682 quod
1734 3597 1817 3663 ad
1840 3596 2153 3665 Ciceronis
2196 3595 2262 3659 in
2286 3594 2629 3660 Caecilium

443 3703 888 3771 divinationem
932 3704 1032 3785 20,
1078 3704 1158 3769 67
1189 3703 1553 3769 observavit
1580 3702 1929 3786 ZumptiuS,
1974 3726 2045 3771 ac
2073 3720 2455 3785 propensum
2486 3720 2629 3769 esse

448 3810 529 3878 ad
570 3810 864 3893 liquidas.

639 3918 925 4000 Denique
977 3916 1153 4001 atque
1190 3918 1398 3987 forma
1439 3920 1711 4003 amplior
1752 3921 1929 3987 cuius
1969 3922 2171 3988 multo
2215 3919 2488 3988 crebrior
2531 3924 2636 3988 est

442 4047 595 4097 usus
653 4033 802 4095 ante
846 4028 1098 4096 vocales
1140 4045 1332 4110 quam
1376 4033 1791 4095 consonantes
1809 4078 1825 4109 ,
1883 4046 2084 4110 aeque
2124 4028 2291 4113 fugit
2334 4032 2624 4113 guttura·

441 4138 594 4205 lium
651 4156 1022 4205 concursum
1081 4156 1195 4205 nec
1242 4155 1541 4218 umquam
1586 4139 1740 4203 ante
1779 4162 1821 4219 y
1862 4145 1931 4205 et
1968 4162 2037 4220 q,
2098 4157 2359 4223 perraro
2402 4144 2551 4203 ante
2597 4162 2629 4203 c

440 4248 696 4331 legitur.

647 4439 688 4507 ι)
724 4436 796 4493 ef.
832 4436 908 4491 M.
946 4434 1176 4505 Hauptii
1215 4452 1406 4504 opusc.
1445 4434 1484 4490 1.
1530 4436 1631 4490 107
1676 4452 1799 4506 sqq.
