3009 5000
1419 387 1561 488 37·

489 615 494 622 ·
556 588 774 652 contra
816 593 960 653 haec
1003 599 1072 653 et
1111 595 1394 664 eiusmodi
1437 607 1535 670 ep.
1581 590 1641 668 4,
1667 589 1726 653 9.
1770 604 1867 669 ep.
1898 589 1999 667 54,
2030 590 2090 653 6
2134 605 2227 668 ep.
2264 589 2403 662 114,
2435 588 2535 653 20.

357 699 498 760 haec
540 705 593 760 et
631 701 964 760 huiusnwdi
1003 714 1098 777 ep.
1150 698 1288 776 120,
1333 699 1390 762 8.

549 807 642 869 Ac
680 827 742 870 se
786 805 1019 886 legitur
1075 823 1172 886 ep.
1237 807 1335 885 21,
1384 807 1442 870 5.
1488 824 1585 887 ep.
1630 807 1732 884 92,
1776 807 1877 871 30.
1926 821 1987 869 n.
2029 821 2087 884 q.
2131 804 2184 869 V
2235 806 2333 878 13,
2375 807 2432 870 3.
2478 823 2537 868 n.

349 913 745 995 q.v11‚5.
807 933 1200 981 acseoumn.
1249 933 1306 996 q
1353 915 1544 996 VI'7‚
1590 917 1648 981 4.

547 1046 618 1088 ae
657 1030 772 1088 sibi
809 1041 905 1104 ep.
950 1025 1050 1102 81,
1097 1027 1196 1090 23.
1261 1044 1360 1107 ep.
1417 1025 1520 1104 98,
1574 1025 1634 1090 8.
1697 1024 1757 1089 (1.
1812 1024 1873 1091 b.
1922 1022 1984 1088 II
2034 1024 2131 1102 14,
2175 1023 2233 1086 2.
2299 1041 2361 1087 n.
2404 1038 2465 1103 q.
2508 1022 2541 1087 I

355 1131 452 1210 16,
496 1133 556 1196 3.
620 1149 680 1196 n.
725 1148 783 1212 q.
829 1131 925 1197 III
966 1150 1062 1216 pr.
1109 1135 1168 1198 3.

548 1263 620 1306 ac
665 1248 761 1306 sui
795 1259 894 1323 ep.
937 1242 1038 1320 90,
1084 1243 1186 1309 40.

551 1373 622 1417 ac
664 1359 720 1416 te
759 1369 858 1432 ep.
908 1351 1006 1431 13,
1039 1353 1112 1434 6.

546 1483 618 1526 ao
661 1465 770 1525 tibi
847 1478 908 1525 n.
955 1476 1014 1540 q.
1066 1459 1164 1525 111
1205 1478 1298 1541 pr.
1349 1463 1445 1526 17.

547 1577 632 1633 tot
670 1591 744 1634 ac
781 1574 920 1637 talis
963 1568 1090 1635 lud.
1141 1571 1237 1649 10,
1283 1572 1342 1635 3.
1388 1588 1484 1651 ep.
1539 1571 1677 1649 108,
1709 1571 1810 1649 38,
1854 1571 1961 1651 qui
2012 1570 2326 1653 posterior
2366 1568 2545 1635 locus

348 1677 576 1742 mendo
618 1678 892 1744 nondum
942 1677 1194 1744 videtur
1235 1683 1552 1761 purgatus
1594 1697 1751 1745 esse.
1852 1675 2015 1744 Sunt
2056 1677 2305 1759 quidem
2351 1677 2546 1743 verba

349 1792 427 1852 ut
479 1788 782 1868 leguntur
824 1788 885 1852 in
931 1787 1143 1854 codice
1187 1787 1236 1852 B
1260 1789 1446 1853 haec:
1493 1794 1651 1853 dixit
1699 1793 1807 1853 illa
1847 1793 2079 1864 Platon,
2135 1793 2285 1852 dixit
2326 1792 2543 1862 Zenon,

350 1901 508 1960 ‹zi-vit
553 1900 926 1976 chrysippus
968 1907 1023 1962 et
1061 1903 1416 1963 Posidonius
1471 1907 1529 1963 et
1568 1905 1773 1980 inqens
1814 1919 2020 1976 aymam
2059 1919 2177 1962 non
2218 1905 2299 1962 tot
2341 1919 2413 1962 ac
2454 1905 2543 1960 ta-

353 2011 517 2070 lium.
561 2009 842 2084 quomodo
882 2011 1139 2084 probare
1168 2015 1402 2086 possint
1439 2029 1553 2072 sua
1588 2029 1711 2072 esse
1730 2012 2092 2072 monstrabo:
2131 2011 2361 2082 faciant
2402 2025 2549 2102 qugw

351 2118 634 2194 dicerint,
699 2129 864 2192 quae
930 2119 1004 2180 ut
1066 2133 1224 2180 sana
1285 2113 1642 2181 efficeretur
1704 2114 2017 2180 sententia
2080 2114 2172 2178 ita
2234 2113 2543 2179 mutanda

347 2220 534 2286 duxit
575 2220 852 2288 Haasius
896 2230 1052 2289 dixit
1081 2261 1152 2270 —
1187 2229 1568 2290 Posidonius:
1631 2233 1695 2290 at
1734 2231 1939 2304 inqens
1976 2246 2183 2305 aymen
2238 2223 2403 2304 [non]
2460 2231 2545 2288 tot

347 2353 422 2396 ac
463 2337 671 2396 talam·
715 2348 850 2413 sqq.
937 2330 1071 2399 Nec
1111 2337 1324 2399 tamen
1367 2339 1519 2414 apte
1548 2332 1832 2398 homines
1874 2332 1964 2398 illi
2010 2328 2292 2398 animosa
2334 2332 2545 2414 philo-

347 2437 692 2521 sophorum
733 2441 903 2508 dicta
945 2441 1252 2509 iactantes
1315 2442 1631 2525 simulque
1676 2441 1989 2509 sordidam
2045 2441 2242 2509 vitam
2284 2446 2544 2525 agentes

349 2560 432 2615 tot
475 2573 556 2617 ac
599 2559 782 2617 tales
825 2555 1146 2632 vocantur,
1193 2570 1358 2634 quae
1400 2552 1596 2619 verba
1644 2552 1727 2619 ad
1780 2551 2031 2618 laudem
2074 2570 2326 2635 semper
2367 2569 2543 2635 spec-

348 2664 507 2725 tant.
596 2657 950 2742 Madvigius
993 2666 1206 2726 autem
1252 2661 1445 2727 verba
1488 2672 1545 2727 et
1596 2668 1802 2741 inqens
1854 2683 2061 2742 aymen
2112 2670 2193 2725 tot
2236 2659 2367 2726 sive
2426 2682 2547 2724 non

348 2776 430 2832 tot
473 2792 544 2834 ac
586 2774 796 2833 tabitam
835 2786 1136 2849 perversa
1164 2788 1302 2835 esse
1343 2776 1545 2853 ratus,
1590 2770 1740 2850 quia
1769 2772 2075 2849 quattuor
2104 2766 2387 2834 homines
2416 2787 2543 2833 non

347 2881 524 2941 recte
566 2894 796 2959 agmen
839 2876 1150 2957 dicantur,
1191 2878 1280 2945 sic
1321 2879 1576 2960 scripsit
1618 2888 1672 2944 et
1706 2888 1913 2960 ivi-qens
1940 2901 2149 2959 aymen
2192 2901 2312 2942 non
2361 2887 2546 2943 totum

348 2990 556 3049 talium
580 2986 719 3065 (sed
741 2986 934 3052 etiam
959 2986 1216 3053 minoris
1241 2987 1673 3068 praestantiae
1684 2996 1751 3052 et
1772 2987 2167 3052 auctoritatis
2190 2984 2546 3067 hominum)

346 3091 594 3159 futilem
634 3094 699 3158 ni
741 3091 926 3158 fallor
965 3099 1032 3160 et
1077 3092 1362 3159 inutilem
1409 3093 1531 3159 hoc
1570 3093 1822 3176 quidem
1858 3095 1995 3160 loco
2025 3092 2542 3175 philosophorum

348 3202 817 3283 discriptionem
857 3201 1214 3269 instituens.
1321 3201 1557 3269 Contra
1604 3206 1907 3282 quattuor
1946 3201 2307 3267 nominibus
2354 3202 2546 3269 editis

345 3316 699 3378 ceterorum
744 3313 1020 3377 virorum
1064 3330 1188 3379 non
1221 3312 1427 3379 minus
1469 3312 1773 3378 nobilium
1817 3330 2149 3377 numerum
2188 3311 2311 3376 illis
2336 3310 2543 3377 verbis

346 3421 578 3488 adiecit
621 3420 872 3500 Seneca,
915 3438 1080 3502 quae
1135 3426 1309 3488 recte
1351 3439 1491 3488 sese
1546 3421 1887 3499 habebunt,
1950 3421 2002 3487 si
2045 3438 2159 3503 pro
2200 3443 2319 3485 non
2360 3418 2543 3483 resti-

350 3530 549 3595 tueris
592 3536 911 3607 nominum,
957 3530 1124 3609 quod
1154 3547 1268 3610 per
1311 3530 1681 3612 compendia
1724 3530 2031 3612 scriptum
2060 3528 2363 3610 originem
2407 3528 2545 3593 voci

350 3662 468 3703 non
509 3638 758 3704 dedisse
800 3638 1070 3704 videtur.

547 3752 636 3813 Ac
701 3751 1032 3829 praeterea
1091 3748 1260 3813 haud
1305 3766 1450 3815 raro
1514 3768 1553 3814 a
1597 3747 1837 3814 Seneca
1901 3746 2252 3814 adhibitum
2318 3751 2416 3813 est
2458 3746 2541 3812 ad

347 3856 844 3939 componendum
889 3875 1065 3937 pron.
1091 3875 1261 3938 poss.
1293 3857 1488 3923 subst.
1534 3876 1677 3923 cum
1702 3858 1985 3923 eiusdem
2014 3874 2321 3938 personae
2363 3873 2541 3938 pron.

347 3985 511 4049 poss,
557 3966 803 4048 adiect.,
848 3984 977 4046 qua
1017 3965 1150 4031 vice
1183 3965 1347 4031 alias
1390 3966 1568 4046 fungi
1610 3968 1776 4033 solet
1818 3990 1927 4047 que
1993 3963 2544 4047 (cf.Draege1um

347 4094 408 4156 p.
451 4078 580 4157 36).
665 4076 788 4141 Sed
833 4081 906 4139 ut
947 4075 1203 4155 plenum
1245 4074 1480 4140 habeas
1512 4075 1791 4141 locorum
1834 4079 2259 4160 conspectum,
2304 4074 2545 4155 legitur

348 4208 410 4251 se
453 4193 509 4250 et
549 4206 664 4250 sua
711 4204 772 4249 n.
816 4202 876 4267 q.
924 4181 988 4248 11
1033 4184 1133 4265 45,
1185 4186 1243 4248 3.

347 4314 410 4357 se
470 4314 634 4372 ωας.
701 4310 798 4373 ep.
865 4292 967 4374 23,
1030 4292 1088 4355 8.
1147 4307 1244 4373 ep.
1309 4289 1408 4369 74,
1469 4292 1568 4355 20.
1638 4290 1697 4355 (1.
1763 4289 1819 4356 b.
1866 4290 1927 4356 11
1972 4292 2075 4369 26,
2121 4292 2176 4357 1.
2242 4291 2303 4356 (1.
2374 4291 2448 4357 cl.
2505 4290 2538 4355 I
