3009 5000
1538 373 1619 445 22

623 583 769 638 tiens·
801 595 870 636 ac
902 581 1090 650 famae
1120 581 1176 633 d.
1215 581 1268 634 b.
1305 578 1382 634 IV
1415 581 1502 647 21,
1544 581 1595 633 5.
1682 581 1881 649 portus
1916 590 1985 632 ac
2014 574 2359 645 praesidium
2404 573 2457 627 d.
2507 572 2560 626 b.
2599 571 2671 625 Vl

627 681 716 749 28,
753 681 802 731 2·
901 694 970 734 ex
1008 692 1180 732 causa
1213 692 1280 732 ac
1311 675 1633 732 necessitate
1667 675 1722 730 d.
1760 673 1826 728 cl.
1866 673 1891 728 1
1931 673 2017 738 11,
2051 673 2103 728 4.
2192 670 2301 726 diei
2334 668 2576 740 spatium
2609 683 2676 724 ac

623 774 906 846 longitudo
943 791 998 828 n.
1035 791 1088 844 q.
1126 773 1175 828 V
1215 776 1297 841 11,
1332 773 1384 829 2.

627 919 637 937 ·
693 887 934 957 Eadem
977 903 1142 968 quae
1177 887 1242 952 in
1286 885 1382 952 his
1412 875 1717 967 exempfis
1760 883 1923 950 ratio
1955 882 2207 950 videtur
2246 881 2439 946 etiam
2468 878 2676 946 inesse

484 1001 622 1066 loco
669 997 728 1062 d.
773 997 830 1062 b.
875 995 964 1061 VI
1007 997 1108 1076 35,
1152 997 1209 1076 5,
1255 1012 1442 1076 quem
1501 999 1717 1062 tamen
1760 991 1987 1060 mendo
2028 1009 2275 1060 -vacare
2324 1005 2449 1054 non
2500 993 2673 1072 puto.

483 1105 910 1188 Reprehendit
953 1103 1191 1170 Seneca
1233 1105 1354 1172 hoc
1405 1103 1615 1185 capite
1662 1121 1771 1170 eos
1812 1102 1921 1183 qui
1977 1105 2051 1166 ut
2094 1098 2441 1168 officiorum
2484 1113 2675 1164 onere

484 1233 554 1282 se
609 1215 897 1292 liberent,
963 1213 1115 1280 mali
1181 1211 1416 1296 aliquid
1459 1216 1691 1294 optant
1750 1212 1843 1279 eis
1900 1211 2128 1292 quibus
2190 1207 2449 1289 obligati
2506 1211 2673 1272 sunt.

485 1329 672 1390 Nemo
707 1323 916 1403 inquit
965 1328 1038 1390 de
1087 1331 1449 1390 immamate
1500 1328 1687 1388 ammi
1728 1329 1818 1388 tui
1871 1326 2181 1397 dubitaret,
2243 1325 2299 1384 si
2340 1326 2547 1397 aperte
2584 1322 2678 1382 ini

475 1439 907 1513 paupertatem,
963 1438 1019 1499 si
1059 1438 1474 1510 captivitatem,
1530 1438 1585 1494 si
1630 1434 1847 1506 famem
1886 1451 1959 1494 ac
1998 1437 2209 1492 mam
2250 1447 2674 1506 woccaram.

489 1541 724 1608 Mamm
777 1539 832 1606 si
889 1545 1189 1620 quartum
1243 1543 1460 1606 votum
1518 1556 1657 1606 esse
1698 1543 1901 1620 putes,
1958 1534 2327 1618 languidum
2373 1539 2488 1619 est,
2534 1551 2678 1600 cum

493 1648 888 1715 desideretur
931 1665 1036 1714 res
1077 1666 1154 1718 ea
1197 1649 1380 1714 cuius
1411 1653 1621 1714 metus
1664 1647 1734 1712 in
1776 1651 1920 1712 voto
1962 1646 2069 1712 sit.
2152 1643 2240 1710 At
2269 1643 2325 1709 si
2355 1641 2679 1724 coniungis

487 1775 630 1824 cum
670 1773 824 1824 voce
865 1763 1102 1838 famem,
1151 1757 1270 1824 hoc
1331 1773 1581 1838 quoque
1620 1753 1929 1835 displicet,
1974 1770 2117 1820 cum
2161 1770 2361 1834 aeque
2400 1751 2485 1817 ad
2524 1774 2679 1831 pau-

481 1875 768 1947 pertatem
807 1871 874 1932 et
894 1873 1290 1947 captivitatem
1317 1865 1490 1930 trahi
1517 1863 1828 1930 debuerit.
1872 1860 1969 1928 Ne
2008 1863 2215 1944 ipsum
2243 1860 2493 1942 quidem
2536 1877 2675 1928 ver·
2698 1891 2713 1912 κ

485 1975 636 2040 bum
675 1983 890 2041 metzam
929 1976 1154 2054 aptum
1185 1972 1406 2053 iudico,
1452 1991 1595 2040 cum
1641 1989 1767 2040 non
1809 1973 1896 2039 sit
1938 1990 2091 2057 vera
2134 1975 2431 2051 certaque
2471 1987 2681 2036 neees-

495 2084 652 2150 sitas
669 2133 688 2162 ‚
747 2083 857 2149 sed
923 2083 1314 2164 exspectatio
1379 2087 1647 2153 tantum.
1776 2083 1956 2162 Quod
2020 2082 2359 2149 Pincianus
2422 2080 2688 2148 coniecit

490 2201 734 2258 mortem
777 2196 892 2256 aut
939 2191 1253 2258 Gruterus
1297 2199 1490 2264 letum,
1539 2209 1678 2260 eam
1706 2193 1785 2258 ob
1830 2209 2085 2260 causam
2128 2209 2251 2256 non
2294 2189 2493 2274 probo
2535 2191 2685 2272 quia

492 2299 684 2366 talem
728 2301 1170 2365 necessitatem
1211 2304 1388 2381 optat
1449 2301 1687 2366 amicus
1730 2325 1905 2381 quam
1954 2307 2249 2367 adiutorio
2308 2323 2415 2367 suo
2450 2305 2681 2380 fideque

494 2416 774 2476 discutiat
820 2409 888 2492 (ἓ
919 2409 1008 2492 2).
1075 2408 1142 2475 Si
1179 2417 1442 2476 morbum
1477 2411 1819 2493 scripseriS,
1862 2411 2065 2478 omnis
2108 2410 2371 2476 tolletur
2408 2407 2687 2474 offensio.

687 2535 912 2615 Quarti
957 2542 1029 2603 ut
1071 2536 1324 2605 videtur
1356 2538 1606 2619 generis
1647 2538 2009 2622 exemplum
2048 2556 2213 2603 nunc
2256 2537 2679 2603 tractaturum
2724 2550 2729 2555 ·

485 2646 774 2711 incidisse
817 2662 919 2710 me
961 2644 1027 2711 in
1057 2645 1428 2713 oblivionem
1458 2646 1753 2727 promissi
1800 2646 1921 2713 mei
1966 2666 2047 2713 ne
2071 2646 2310 2729 credas,
2358 2664 2483 2711 non
2510 2643 2680 2711 enim·

487 2754 704 2819 multis
746 2754 1052 2821 molestus
1094 2774 1220 2823 ero.
1307 2754 1444 2822 Hoc
1487 2762 1703 2821 tamen
1744 2773 1885 2821 cum
1930 2773 1971 2820 a
2011 2760 2243 2835 quarto
2298 2753 2364 2819 in
2404 2755 2679 2821 alterum

487 2861 997 2929 transferendum
1041 2866 1394 2947 aestimem,
1437 2866 1711 2931 libenter
1755 2864 1995 2931 audias,
2084 2864 2393 2945 Loquitur
2448 2862 2683 2931 Seneca

490 2987 548 3038 n.
592 2992 653 3057 q.
698 2974 765 3039 II
808 2974 908 3053 49,
955 2975 1010 3038 1·
1039 2972 1118 3037 de
1168 2972 1525 3040 nominibus
1568 2971 1795 3054 quibus
1846 2972 2100 3039 diversa
2158 2970 2425 3037 fulmina
2479 2971 2680 3053 desig-

486 3082 733 3148 naverit
757 3081 1082 3147 Caecinna.
1131 3080 1295 3146 Sunt
1325 3080 1389 3145 in
1419 3080 1516 3146 his
1533 3085 1841 3161 pestifera,
1886 3102 2044 3159 quae
2064 3088 2305 3145 mortem
2336 3084 2684 3159 amicamque

485 3196 862 3269 portendunt.
948 3190 1141 3255 Recte
1176 3188 1283 3254 illa
1324 3188 1592 3254 fulmina
1616 3184 1917 3269 pestifera
1963 3188 2192 3264 vocari,
2236 3187 2385 3269 quia
2415 3191 2681 3251 mortem

489 3302 885 3378 augurentur
913 3314 1094 3363 nemo
1129 3294 1405 3379 negabit,
1439 3299 1589 3380 quia
1620 3295 1900 3377 exilium,
1938 3315 2065 3363 non
2094 3297 2263 3363 item.
2348 3296 2509 3361 Tum
2538 3300 2685 3378 post

489 3406 710 3472 mortis
739 3405 1108 3473 memoriam
1149 3407 1371 3474 fortior
1409 3426 1532 3474 vox
1566 3410 1987 3488 exspectatur.
2085 3404 2266 3483 Quod
2310 3402 2683 3470 vocabulum

499 3515 711 3581 sensui
757 3515 962 3597 magis
1005 3517 1396 3582 commodum
1427 3517 1515 3582 sit
1556 3534 1748 3597 quam
1792 3509 2032 3581 exitium
2074 3516 2297 3580 nescio,
2382 3508 2683 3579 Conferas

499 3622 688 3688 velim
723 3623 815 3689 di.
854 3622 955 3689 111
1001 3625 1059 3703 2,
1106 3624 1140 3687 1
1194 3621 1300 3687 ubi
1342 3622 1569 3688 merito
1598 3622 1696 3687 ira
1722 3620 2100 3704 gravissima
2133 3620 2393 3687 humani
2435 3616 2687 3703 generis

495 3726 692 3814 pestis
747 3733 1126 3811 nominatur,
1181 3732 1330 3813 quia
1381 3734 1546 3801 inter
1596 3729 1858 3798 effectus
1909 3735 2167 3813 praeter
2220 3726 2348 3797 alia
2401 3735 2679 3796 totarum

493 3842 778 3924 gentium
825 3840 1022 3907 exitia
1063 3841 1207 3907 sint.

696 3951 904 4015 Verba
947 3957 1037 4015 vis
1087 3952 1156 4017 et
1192 3958 1451 4030 potestas
1512 3966 1707 4029 supra
1758 3964 1872 4030 per
1910 3958 1983 4015 ao·
2025 3948 2369 4031 composita
2412 3949 2683 4015 vidimus

489 4060 680 4141 idque
717 4062 980 4140 propter
997 4057 1377 4139 gravitatem
1398 4058 1735 4122 verborum
1780 4056 2018 4122 factum
2062 4074 2200 4124 esse
2240 4052 2463 4136 sentio,
2505 4056 2675 4137 quod

491 4173 566 4235 ut
603 4169 1048 4249 comprobetur
1107 4169 1232 4233 alia
1289 4181 1713 4249 proponamus
1766 4166 2074 4251 exempla,
2132 4167 2197 4230 in
2250 4164 2480 4247 quibus
2516 4166 2679 4233 idem

495 4278 752 4345 verbum
793 4285 884 4343 vis
925 4274 1096 4343 aliud
1145 4275 1364 4344 similis
1405 4292 1627 4341 sensus
1671 4274 2041 4357 praecurrit.
2108 4276 2359 4359 Inspice
2418 4292 2569 4359 ergo
2612 4284 2685 4345 ‚vi

493 4413 564 4457 ac
602 4396 756 4455 metu
797 4386 854 4457 d.
911 4387 970 4454 b.
1014 4387 1047 4452 I
1089 4384 1150 4467 9,
1195 4386 1252 4453 5.
1337 4393 1428 4451 m‘s
1482 4410 1552 4453 ac
1594 4392 1877 4455 severitas
1917 4384 1975 4451 d.
2035 4384 2094 4453 b.
2152 4384 2238 4453 VI
2292 4387 2499 4467 24‚·2.
2584 4392 2677 4453 vis

566 4568 585 4601 (
