3009 5000
1385 397 1466 498 1⁷

2465 501 2477 538 l

476 603 559 654 m
586 597 830 670 populiq.
863 597 918 654 a.
956 599 1012 654 b.
1044 598 1095 653 v
1131 599 1216 668 15,
1252 601 1301 654 3.
1344 597 1398 652 ᾱ.
1434 598 1486 652 b.
1529 572 1631 654 vu
1668 599 1756 667 31,
1789 598 1842 652 4.
1874 596 1957 652 di.
1994 597 2101 652 ΧΠ
2138 600 2188 661 7,
2230 600 2279 655 1.·
2438 597 2533 654 ao-

475 696 630 750 mina
663 695 922 764 rectrixq.
959 711 1048 766 ep.
1078 698 1173 764 βδ,
1225 697 1311 750 32.
1419 700 1599 750 rector
1643 695 1943 765 dominusq.
1976 714 2054 756 ,n.
2100 713 2150 765 q.
2199 694 2304 750 Vn
2348 695 2435 762 25,
2484 695 2536 750 2.

473 797 728 848 rectorem
757 791 996 862 ducemq.
1031 810 1086 848 n.
1123 810 1176 862 q.
1214 791 1294 847 111
1333 794 1420 855 30,
1457 794 1507 846 8.
1584 807 1727 846 saxa
1761 808 1978 862 rupesq.
2016 792 2091 846 di.
2127 791 2179 845 11
2223 794 2271 856 1,
2294 793 2361 850 ,2.
2401 810 2456 846 n.
2483 808 2536 860 q.

475 889 527 941 11
567 889 652 954 26,
691 891 739 942 5.
813 903 954 942 saxa
987 887 1222 956 cautesq‘.
1259 905 1311 941 n.
1352 905 1404 956 q.
1442 887 1523 964 Ill
1562 889 1647 952 12,
1688 891 1735 940 2.
1854 888 2101 956 scopulos
2132 903 2344 958 rupesq.
2388 907 2441 944 n.
2483 905 2536 958 q.

476 983 529 1036 11
565 985 616 1053 6,
657 983 706 1037 5.
781 983 930 1037 lusus
964 983 1159 1053 iocusq.
1193 983 1268 1036 di.
1307 983 1358 1038 V
1397 983 1480 1044 11,
1518 984 1572 1038 2.
1611 983 1685 1039 di.
1726 983 1811 1037 IX
1849 986 1933 1047 17,
1972 986 2021 1038 6.
2128 983 2291 1041 ludus
2326 985 2533 1056 iocusq.

477 1079 550 1135 di.
585 1079 688 1136 Vn
731 1081 814 1145 12,
853 1081 906 1134 2.
1051 1081 1229 1134 lusum
1266 1096 1332 1135 ac
1367 1079 1545 1134 iocum
1581 1095 1666 1149 ep.
1706 1081 1792 1143 95,
1832 1081 1916 1134 33.

542 1209 669 1278 Sed
712 1210 792 1276 ab
848 1211 1052 1278 altera
1104 1230 1356 1295 quoque
1405 1215 1593 1293 parte
1652 1213 1726 1276 ut
1769 1210 2129 1294 exemplum
2182 1211 2531 1293 adferatur,

335 1327 425 1386 vis
483 1343 552 1388 ac
585 1329 852 1400 potestas
905 1320 1138 1404 legitur
1186 1319 1269 1387 di.
1317 1319 1438 1384 VII
1477 1321 1536 1397 8,
1586 1321 1645 1386 5.
1691 1320 1749 1386 d.
1796 1319 1850 1384 b.
1891 1319 1959 1384 II
2008 1321 2109 1404 34,
2154 1320 2211 1384 5.
2255 1339 2315 1386 n.
2362 1338 2422 1404 q.
2467 1320 2533 1387 II

330 1429 432 1509 37,
477 1430 534 1494 2.
622 1429 796 1496 Haec
834 1446 983 1495 vero
1026 1429 1218 1495 verba
1271 1431 1366 1494 ut·
1401 1445 1515 1510 per
1566 1452 1635 1495 ao
1688 1429 2155 1519 copularentur,
2216 1429 2533 1508 gravitate

333 1553 554 1601 eorum
583 1534 822 1603 sactum
847 1538 1023 1616 pum,
1067 1553 1196 1618 qua
1233 1533 1310 1599 de
1339 1553 1409 1601 re
1455 1535 1518 1598 in
1562 1532 1689 1600 fine
1710 1535 1901 1602 huius
1930 1536 2130 1618 partis
2160 1536 2527 1604 disseretur.

545 1662 830 1738 Tertium
875 1666 940 1726 et
979 1663 1182 1744 magis
1225 1662 1416 1726 etiam
1443 1666 1745 1744 quartum
1790 1679 1989 1742 genus
2032 1680 2071 1724 a
2098 1661 2415 1743 prioribus
2456 1681 2531 1730 eo

337 1769 660 1850 differunt,
705 1770 876 1852 quod
921 1769 1128 1836 laxius
1185 1773 1287 1836 est
1327 1771 1650 1835 vinculum
1692 1788 1817 1852 quo
1868 1772 2162 1836 notiones
2200 1775 2559 1837 conectun-'

331 1883 458 1944 tur.
544 1878 710 1944 Nam
753 1897 916 1960 quae
958 1879 1227 1960 priorem
1271 1878 1559 1960 sequitur
1611 1897 1745 1946 rem
1786 1897 1891 1946 res
1936 1879 2061 1946 alia
2108 1885 2205 1944 est
2251 1897 2539 1960 novaque

330 1987 598 2070 ideoque
643 1987 846 2053 minor
899 1989 1096 2056 etiam
1149 1993 1250 2056 est
1271 2063 1283 2076 .
1301 1986 1575 2054 facultas
1636 1986 2027 2055 adhibendae
2084 2011 2215 2069 que.
2322 1993 2535 2071 Atque

333 2114 476 2162 cum
519 2097 716 2179 piane.
756 2097 914 2163 haec
957 2097 1044 2162 sit
1089 2097 1252 2164 ratio
1303 2102 1372 2162 et
1419 2094 1762 2164 manifesta
1811 2097 1875 2161 in
1916 2103 2237 2180 postremo
2282 2103 2531 2179 genere,

337 2206 593 2272 silentio
635 2204 700 2270 id
755 2206 1029 2272 transire
1085 2206 1450 2286 poterimus.
1559 2205 1847 2272 Tertium
1905 2224 2054 2272 vero
2118 2224 2318 2286 genus
2370 2210 2535 2273 tam·

334 2332 527 2396 quam
573 2315 638 2380 in
682 2312 950 2381 confinio
995 2308 1321 2395 utriusque
1361 2321 1428 2378 et
1454 2315 1845 2380 diversarum
1890 2318 1957 2379 et
1985 2315 2287 2380 similium
2331 2316 2531 2380 notio·
2604 2373 2611 2379 .

332 2442 484 2488 num
526 2423 776 2506 generis
815 2423 1097 2507 positum
1139 2441 1344 2505 pauca
1387 2424 1581 2490 verba
1610 2425 2027 2507 exemplaque
2074 2422 2407 2504 desiderat,
2459 2431 2533 2490 ut

335 2534 522 2615 paulo
570 2533 926 2601 accuratius
967 2532 1324 2613 definiatur,
1373 2532 1526 2616 quid
1566 2533 1720 2599 illud
1768 2534 1851 2599 sit
1876 2535 2043 2617 quod
2075 2535 2157 2601 ad
2199 2542 2537 2616 utramque

342 2642 656 2709 notionem
701 2644 1018 2725 pertineat
1075 2644 1390 2724 simulque
1447 2649 1521 2709 ut
1562 2664 1597 2709 e
1642 2661 1974 2709 consensu·
2008 2645 2286 2726 plurium
2349 2644 2535 2709 huius

338 2770 587 2836 quoque
635 2758 832 2819 ‘notae
885 2753 1166 2820 locorum
1219 2772 1334 2835 per
1385 2777 1496 2833 que
1548 2753 1844 2834 coniungi
1898 2753 2105 2819 solere
2161 2772 2262 2819 res
2318 2754 2533 2835 aliquo
2574 2804 2581 2828 ,

344 2861 527 2927 modo
575 2863 741 2927 inter
785 2880 852 2927 se
893 2865 1198 2963 cognatas
1242 2862 1665 2945 intellegatur.

539 2986 632 3051 Ac
671 2987 944 3069 primum
995 2986 1247 3067 quidem
1306 2987 1595 3069 exemplo
1654 3004 1849 3067 supra
1904 2987 2178 3053 indicato
2217 2996 2366 3054 ”ursi
2420 2996 2533 3054 leo·-

340 3118 499 3175 ηεεςι.
538 3094 623 3161 (11.
654 3096 704 3159 V
739 3097 838 3174 30,
875 3097 908 3161 1
954 3096 1264 3162 accedunt
1301 3096 1486 3161 haec:
1530 3096 1591 3161 d.
1634 3096 1712 3161 cl.
1766 3096 1795 3159 I
1838 3097 1935 3173 26,
1984 3098 2039 3161 3.
2081 3096 2165 3161 di.
2210 3096 2301 3162 IV
2328 3098 2432 3177 31,
2468 3099 2529 3163 6.

339 3209 670 3287 praeterea
725 3212 1018 3284 elephanti
1067 3212 1314 3286 konesq.
1364 3206 1422 3271 d.
1468 3206 1545 3270 cl.
1606 3206 1639 3270 1
1702 3206 1761 3284 5,
1796 3206 1855 3270 5.
1910 3212 2093 3287 tim-es
2134 3212 2378 3285 leonata.
2424 3224 2535 3288 ep.

339 3314 438 3394 85,
483 3315 543 3379 8.
588 3318 814 3380 leonum
867 3321 1198 3395 luporum.
1251 3322 1378 3379 ritu
1418 3314 1500 3379 di.
1561 3314 1649 3378 IV
1691 3314 1787 3393 15,
1840 3314 1903 3377 4.
1945 3336 2143 3379 mures
2193 3318 2535 3394 for-micaeq.

337 3422 418 3487 di.
462 3422 554 3489 IV
595 3423 696 3501 34,
738 3424 796 3507 1,
841 3422 1072 3503 quibus
1116 3423 1268 3489 locis
1313 3422 1601 3489 omnibus
1642 3421 1724 3485 ad
1767 3421 2229 3488 inlustrandam
2282 3425 2540 3488 senten·-

335 3532 490 3597 tiam
543 3550 725 3599 suam
777 3532 982 3599 simile
1029 3531 1346 3613 quoddam
1401 3531 1734 3612 proposuit
1788 3531 2056 3612 scriptor
2112 3540 2435 3612 sumptum
2501 3550 2535 3595 e

337 3646 570 3707 natura
607 3639 996 3707 animalium.
1105 3642 1314 3722 Atque
1371 3658 1621 3707 summa
1659 3638 2100 3720 disputationis
2150 3642 2421 3705 vertitur
2469 3642 2534 3706 in
2635 3668 2639 3674 ·

336 3752 478 3831 ipsa
533 3748 898 3815 animalium
942 3749 1273 3827 mentione,
1315 3765 1482 3829 quae
1534 3750 1661 3814 sint
1708 3747 1969 3814 nomina
2012 3766 2228 3815 eorum
2252 3742 2256 3744 ’
2281 3750 2537 3814 minoris

341 3863 442 3925 est
481 3858 804 3925 momenti.
889 3856 1082 3943 Vides
1116 3874 1269 3939 ergo
1286 3857 1475 3939 quale
1516 3858 1605 3922 sit
1626 3856 1959 3923 discrimen
1983 3858 2153 3921 inter
2190 3856 2332 3923 illos
2362 3858 2535 3923 locos

340 3972 405 4034 et
463 3984 563 4048 ep.
600 3968 708 4047 90,
757 3967 836 4031 16
893 3974 1078 4048 ter-92⁹3
1119 3972 1384 4045 vulpium
1439 3970 1715 4030 induitur
1778 3988 1848 4031 ac
1900 3984 2165 4045 murum,
2224 3965 2328 4031 ubi
2386 3967 2526 4031 sim·

299 4077 570 4157 ,plicem
611 4076 810 4142 habes
851 4076 1414 4142 enumerationem.
1445 4128 1450 4133 .
1505 4076 1591 4139 At
1632 4091 1746 4154 per
1788 4097 1862 4139 ac
1892 4074 1987 4138 ex·
2028 4076 2331 4141 memoria
2372 4077 2529 4141 duo-

339 4204 479 4251 rum
522 4186 818 4253 universa
859 4185 1228 4251 animalium
1271 4184 1444 4250 notio
1487 4184 1892 4249 constituitur
1938 4201 2034 4263 ep.
2086 4184 2181 4262 19,
2232 4186 2305 4248 11
2352 4192 2533 4250 visce-

334 4302 494 4360 ratio
553 4300 740 4360 leonis
779 4316 848 4359 ac
888 4300 1016 4373 lupi
1055 4298 1122 4357 et
1163 4293 1226 4357 d.
1271 4294 1330 4357 b.
1376 4292 1468 4357 111
1524 4294 1623 4371 31,
1675 4293 1717 4356 4
1756 4314 2097 4358 muscarwm
2141 4316 2209 4357 ac
2250 4294 2556 4357 vermium'

334 4410 564 4469 'cmm
631 4389 888 4469 ‘Eodem
931 4404 1112 4468 modo
1150 4404 1418 4467 maiores
1448 4401 1870 4489 prognatique
1914 4402 2353 4467 describuntur
2396 4426 2529 4466 avo-

2094 4538 2129 4587 2
