3009 5000
1542 319 1586 392 4
1668 325 1681 344 ,

674 519 811 590 Iam
875 525 957 590 ad
1023 523 1303 606 singulos
1367 523 1537 592 locos
1591 522 1953 592 indicandos
1993 530 2411 593 transeamus.
2500 527 2669 592 Ante

476 632 838 714 gutturales
891 629 1088 698 habes
1148 655 1218 698 ac
1259 649 1319 698 n.
1369 651 1428 713 q.
1453 631 1541 696 VI
1588 633 1642 711 7,
1668 634 1709 696 3
1750 641 1957 700 leniter
1997 657 2066 700 ac
2102 643 2292 716 quiete
2327 641 2554 717 fluum,
2600 638 2667 700 et

475 760 534 808 n.
581 758 640 823 q.
683 741 716 806 I
758 759 854 822 pr.
906 742 981 805 11
1025 746 1082 805 si
1125 740 1238 820 (sc.
1284 740 1558 824 animus)
1602 748 1908 821 expeditus
1959 747 2213 825 levisque
2253 766 2324 810 ac
2365 752 2669 810 contentus

479 859 706 918 modico
751 857 1004 916 emicuit.
1090 849 1382 916 Alterum
1420 851 1773 932 particulae
1815 876 1887 918 ac
1928 858 2076 919 ante
2122 875 2153 918 c
2179 853 2424 935 positae
2455 870 2666 918 exem·

474 959 649 1044 plum
693 957 897 1025 fertur
940 958 1193 1041 quidem
1237 959 1302 1024 in
1346 958 1745 1039 editionibus,
1788 959 2120 1028 ferendum
2148 967 2363 1028 tamen
2393 980 2518 1027 non
2548 965 2665 1043 est,

474 1086 618 1135 cum
673 1069 896 1135 codicis
949 1069 1331 1144 auctoritate
1390 1086 1519 1135 non
1571 1069 1928 1149 adiuvetur,
1972 1069 2054 1136 di.
2077 1069 2231 1135 VIII
2272 1072 2331 1154 3,
2358 1071 2392 1134 1
2436 1075 2668 1136 utinm

473 1186 706 1259 quidem
747 1185 867 1244 iam
894 1188 1232 1244 tenerentur
1269 1185 1462 1243 omnia
1503 1187 1560 1243 et
1584 1185 1859 1258 inoperta
1879 1201 1947 1244 ac
1965 1183 2238 1256 confessa
2256 1178 2479 1244 veritas
2499 1187 2664 1244 esset.

478 1287 575 1352 Ea
651 1303 818 1368 quae
887 1285 1277 1370 praecedunt
1348 1285 1637 1354 sordibus
1699 1290 2137 1368 purgaverunt
2176 1285 2534 1369 Madvigius
2599 1290 2666 1353 et

478 1393 806 1476 Gertzius,
869 1396 934 1460 in
999 1395 1095 1461 his
1162 1384 1639 1478 adquieverunt.
1739 1393 1863 1460 Sed
1928 1392 2304 1461 adiectivum
2361 1402 2666 1474 immortua

473 1521 785 1586 nusquam
849 1508 1091 1586 exstat,
1158 1492 1567 1587 quamobrem
1633 1521 1759 1569 non
1818 1501 2037 1571 dubIto
2101 1502 2375 1571 scribere
2437 1512 2665 1571 utinam

475 1619 713 1694 quidem
752 1621 819 1680 in
860 1623 1066 1694 aperto
1108 1613 1373 1696 confessa
1412 1620 1633 1678 veritas
1675 1622 1837 1679 esset.
1864 1613 1911 1695 ¹)

670 1724 805 1789 Iam
865 1723 919 1789 si
961 1721 1250 1790 Fickerto
1293 1721 1603 1789 credimus
1616 1771 1634 1804 ‚
1694 1721 1992 1790 Senecam
2061 1744 2132 1788 ac
2186 1727 2336 1789 ante
2377 1723 2658 1790 vocalem

469 1816 794 1918 scripsisse
838 1837 1115 1900 testatur
1154 1852 1216 1899 n.
1261 1852 1321 1915 q.
1345 1834 1409 1900 11
1437 1835 1541 1913 31,
1592 1835 1625 1898 1
1675 1831 1782 1900 ubi
1826 1817 2515 1917 describitur'potentia
2542 1833 2665 1899 ful-

471 1942 658 2009 minis
676 1991 694 2024 ,
775 1960 904 2025 qua
981 1948 1186 2008 loculis
1259 1948 1508 2022 inteqris
1562 1965 1633 2008 ac
1692 1947 1938 2008 inlaesis
1990 1948 2278 2018 conflatur
2338 1951 2663 2024 arqentum.

473 2049 650 2116 Nihil
711 2049 812 2130 hic
863 2050 1138 2116 mutavit
1193 2048 1525 2116 Fickertus
1586 2049 1893 2132 probante
1936 2049 2013 2116 H.
2058 2048 2126 2117 G.
2168 2049 2493 2130 Michaeli‚
2556 2051 2662 2132 qui

477 2159 544 2224 in
585 2158 813 2225 Philol.
859 2159 983 2225 vol.
1029 2158 1184 2224 VIII
1226 2177 1289 2240 p.
1333 2159 1457 2226 457
1503 2157 1813 2225 Haasium
1858 2160 2185 2241 increpans
2213 2155 2406 2224 verba
2448 2162 2663 2224 tenen·

471 2268 556 2334 da
618 2267 800 2346 dicit,
865 2267 1099 2350 quippe
1162 2284 1327 2347 quae
1390 2266 1641 2332 diversa
1709 2263 2064 2349 significent
2130 2270 2197 2332 et
2235 2265 2362 2331 vim
2421 2265 2665 2333 dicendi

385 2399 395 2408 ’
471 2379 765 2458 augeant.
851 2376 983 2443 Nec
1047 2375 1473 2441 diversitatem
1541 2394 1658 2458 ego
1717 2377 1973 2457 quidem
2017 2375 2193 2441 video
2236 2391 2351 2441 nec
2392 2394 2505 2442 cur
2546 2374 2665 2443 hoc

473 2486 608 2553 loco
652 2486 748 2553 vis
818 2485 1061 2553 dicendi
1120 2489 1452 2567 augeatur.
1541 2484 1740 2552 Immo
1809 2501 2001 2566 quam
2064 2482 2224 2552 bene
2274 2483 2663 2567 superfluum

469 2594 592 2663 hoc
650 2594 893 2662 librarii
937 2593 1437 2661 additamentum
1481 2593 1657 2660 uncis
1697 2592 2016 2659 incluserit
2057 2593 2348 2672 Haasius,
2394 2593 2663 2676 quisque

476 2704 804 2787 intelleget
845 2706 1207 2788 compa-rato
1250 2702 1457 2784 capite
1499 2702 1605 2783 52,
1647 2703 1703 2781 1,
1760 2720 1899 2769 cum
1939 2718 2104 2785 quae
2150 2700 2236 2768 ibi
2282 2703 2452 2769 dicta
2494 2704 2661 2781 sunt,

471 2814 595 2880 hue
637 2812 975 2895 respiciant
1019 2818 1224 2876 loculis
1265 2816 1466 2889 itaque
1504 2816 1773 2892 imm,
1811 2820 1878 2875 ut
1919 2792 2067 2891 dixi,
2093 2818 2367 2891 pecunia,
2409 2832 2559 2890 quae
2600 2816 2666 2874 in

471 2929 566 2989 his
602 2928 730 3001 fuit
775 2927 1028 2997 conflata
1064 2920 1377 2999 reperitur.

675 3028 936 3097 Accedit
978 3027 1057 3094 di.
1081 3026 1321 3109 V1122‚
1345 3028 1384 3091 2
1429 3026 1538 3092 ubi
1581 3026 1735 3111 quid
1785 3028 1864 3094 de
1893 3026 2073 3094 bonis
2103 3027 2382 3094 externis
2411 3028 2662 3109 sapiens

471 3138 704 3206 iudicet
742 3137 1083 3219 exponitur
1124 3140 1190 3201 et
1228 3135 1613 3203 inlustratur
1652 3136 1746 3200 ita
1786 3158 1907 3202 non
1946 3128 2262 3202 contenmct
2296 3158 2359 3202 se
2402 3144 2660 3217 sapiens,

468 3255 694 3315 etiamsi
745 3254 932 3327 fuerit
971 3252 1248 3311 „tinimae
1293 3254 1588 3320 staturae,
1652 3268 1775 3310 esse
1814 3254 2008 3311 tamen
2048 3268 2111 3310 se
2143 3268 2457 3325 procerum
2492 3252 2660 3325 volet,
2737 3266 2747 3279 ’

464 3366 520 3422 et
561 3362 732 3422 exilis
770 3376 1013 3435 corpore
1054 3377 1123 3419 ac
1161 3360 1378 3421 amisso
1421 3358 1587 3419 oculo
1624 3358 1876 3429 valebit,
1934 3358 2108 3418 malet
2146 3363 2341 3419 tamen
2382 3360 2497 3419 sibi
2540 3376 2661 3419 esse

463 3472 731 3545 corporis
779 3470 980 3530 robur.
1067 3460 1194 3528 Sed
1253 3462 1327 3528 ut
1383 3462 1676 3543 opposita
1718 3464 1885 3527 inter
1925 3479 1995 3528 se
2037 3465 2186 3527 sunt
2229 3454 2504 3529 mmo
2542 3472 2663 3527 sta-

667 3712 710 3783 1)
747 3711 899 3781 Quae
934 3711 1009 3767 si.
1048 3710 1153 3766 v11
1192 3711 1278 3777 13,
1316 3710 1350 3763 2
1385 3710 1446 3763 in
1481 3709 1673 3765 codiee
1709 3710 1759 3763 A
1796 3710 1879 3765 ita
1910 3710 2241 3767 scribuntur
2277 3686 2522 3782 εηαιαρὲι
2552 3710 2666 3767 azia

461 3824 576 3864 non
611 3808 801 3865 timide
834 3824 931 3863 nec
965 3808 1206 3864 obscure&
1225 3807 1551 3863 luxuriatur
1590 3806 1755 3861 etiam
1789 3806 1917 3862 inde
1943 3813 2133 3877 aperto
2166 3810 2364 3879 capite,
2414 3808 2565 3863 hunc
2600 3808 2659 3862 in

393 3894 414 3909 ”
474 3905 700 3961 modum
753 3904 1046 3961 scribenda
1093 3908 1152 3960 et
1196 3902 1647 3975 inter-pungenda
1691 3904 1907 3959 censuit
1950 3880 2288 3976 Madvigius:
2326 3905 2659 3976 luxuriatur,

424 3994 438 4009 “
463 4002 557 4060 ced
594 4004 845 4073 inoperta
881 4002 1078 4073 capite,
1113 4002 1483 4072 compositum
1523 4000 1821 4071 impu-tm,
1861 4000 2015 4073 quod
2044 4003 2154 4057 iam
2175 4004 2393 4057 veteres
2416 4000 2664 4057 editores

383 4094 407 4115 ⁴⁹
465 4100 846 4170 scripserunt,
900 4098 996 4153 illo
1031 4097 1244 4168 dialogi
1281 4096 1467 4153 octavi
1498 4097 1621 4153 loco
1660 4096 1890 4153 defendi
1923 4101 2099 4166 ratus,
2134 4096 2281 4151 male
2316 4101 2383 4151 ut
2416 4095 2661 4153 videtur.

461 4196 664 4252 Melius
699 4196 788 4251 vel
841 4195 1028 4265 potius
1084 4210 1279 4249 verum
1331 4194 1547 4265 iudico,
1601 4195 1753 4265 quod
1790 4194 2047 4250 Gertzius
2084 4194 2380 4249 consulens
2416 4191 2664 4248 traditae

461 4296 780 4364 scripturae
836 4292 1133 4363 proposuit
1190 4292 1284 4347 sed
1328 4292 1444 4347 iam
1478 4292 1609 4347 inde
1642 4298 1830 4361 aperto
1864 4292 2061 4362 capite.
2132 4290 2201 4346 cf.
2240 4288 2427 4345 studia
2460 4289 2663 4343 critica

461 4392 577 4447 eius
612 4392 670 4446 in
711 4390 773 4448 1..
817 4390 1029 4445 Annaei
1065 4389 1306 4446 Senecae
1345 4388 1600 4459 dialogos
1640 4407 1697 4459 p.
1738 4390 1859 4443 128.
2384 4383 2394 4389 “
