3009 5000
1359 377 1444 467 a

317 591 522 658 codice
561 592 644 671 E,
707 591 772 658 in
831 611 956 676 quo
1018 599 1163 678 post
1201 595 1464 664 verbum
1505 601 1762 674 formam
1818 593 2109 692 additum
2152 600 2252 665 est
2291 619 2363 663 ex
2408 619 2490 664 eo.

319 701 455 766 Non
502 719 654 771 vero
715 706 930 776 exstat
987 703 1052 769 in
1119 704 1339 771 eodem
1403 703 1629 787 codice,
1690 703 1857 787 quod
1917 705 2175 786 quidem
2218 706 2502 773 enotavit

318 809 669 893 Fickertus,
739 819 1028 879 trahatur.
1133 812 1396 881 Erravit
1462 814 1516 882 is
1586 813 1686 880 vir
1746 818 1813 881 et
1866 813 1933 879 in
1976 831 2251 882 errorem
2292 814 2505 882 iniecit

317 917 638 1005 Haasium,
680 922 790 1004 qui
832 941 913 989 ex
957 942 1160 1014 prava
1201 923 1516 1006 scriptura
1544 941 1807 1006 pravam
1836 921 2043 990 effecit
2078 925 2499 991 coniecturam

317 1035 669 1096 travehatur.
733 1029 896 1098 Nam
941 1038 1014 1098 ut
1055 1032 1352 1100 docemur
1391 1032 1700 1099 Larischii
1743 1051 1905 1099 nova
1936 1032 2283 1101 conlatione
2312 1031 2501 1115 primi

316 1157 373 1204 n.
430 1155 490 1220 q.
543 1139 722 1223 libri,
792 1141 1116 1234 proposita
1175 1143 1240 1207 in
1301 1147 1778 1224 programmate
1821 1141 2171 1224 Saganensi
2214 1162 2270 1210 a.
2319 1141 2500 1222 1870,

315 1253 510 1314 trahat
568 1249 737 1318 illius
799 1249 1024 1318 codicis
1073 1257 1170 1317 est
1211 1253 1398 1319 lectio
1413 1302 1429 1334 ,
1494 1269 1690 1334 quam
1730 1271 1813 1319 ex
1854 1254 2055 1319 turbat
2098 1258 2315 1319 natam
2357 1268 2497 1317 esse

314 1356 690 1438 persuadere
751 1359 906 1425 mihi
969 1377 1097 1428 non
1156 1379 1434 1444 possum.
1519 1361 1687 1428 Puto
1751 1362 1900 1428 olim
1954 1362 2260 1444 scriptum
2301 1359 2499 1426 fuisse

318 1473 608 1534 detrectat.
693 1467 828 1536 Hoc
887 1476 1101 1537 autem
1156 1489 1236 1538 ne
1293 1471 1602 1553 omittam,
1648 1490 1791 1538 eum
1829 1470 1887 1537 E
1928 1476 1993 1538 et
2032 1471 2083 1537 B
2129 1476 2278 1539 ante
2326 1469 2500 1536 exhi-

317 1575 507 1643 beant
568 1585 700 1658 dat,
763 1580 1170 1647 indicativum
1235 1582 1493 1648 modum
1554 1599 1682 1648 non
1730 1568 2181 1663 temptabimus
2219 1578 2502 1649 inoffensi

317 1685 794 1755 constructionis
831 1690 1201 1756 mutatione.

525 1793 733 1879 Supra
788 1798 918 1863 iam
960 1799 1290 1882 attigimus
1333 1797 1647 1882 descripto
1688 1799 1772 1866 di.
1814 1797 1939 1866 VH
1983 1801 2042 1880 3,
2088 1801 2128 1864 3
2179 1817 2255 1865 ea
2292 1817 2501 1866 exem-

315 1903 422 1985 pla
459 1903 567 1970 ubi
610 1905 674 1970 in
712 1905 918 1972 locum
963 1906 1218 1987 repetiti
1259 1905 1531 1974 nominis
1567 1925 1913 1989 pronomen
1942 1907 2357 1975 substitutum
2386 1908 2502 1976 est.

318 2016 529 2095 Atque
567 2032 1027 2096 supervacuum
1071 2017 1194 2082 erit
1233 2017 1444 2084 omnia
1486 2016 1677 2084 huius
1714 2021 1904 2083 notae
1946 2017 2239 2099 exempla
2258 2015 2341 2084 ad
2363 2035 2505 2084 ver-

316 2123 468 2188 bum
509 2121 767 2208 referre,
806 2141 1009 2205 pauca
1052 2123 1472 2191 satisfacient:
1508 2136 1785 2206 primates
1812 2132 2089 2208 biberiqne
2114 2149 2313 2193 eorum
2339 2126 2401 2192 d.
2426 2125 2503 2192 cl.

315 2230 348 2296 I
390 2235 450 2308 8,
495 2232 552 2299 7.
615 2239 800 2314 primi
851 2240 1187 2301 mortalium
1228 2243 1438 2316 quique
1479 2258 1551 2302 ex
1590 2243 1684 2302 his
1725 2244 1910 2318 yeniti
1946 2255 2045 2318 ep.
2075 2236 2176 2316 90,
2225 2237 2282 2300 4.
2356 2232 2503 2300 Per-

315 2359 470 2407 sona
533 2346 746 2408 autem
810 2347 1005 2425 atque
1075 2363 1176 2411 res
1243 2345 1324 2411 ad
1375 2365 1520 2412 eam
1577 2345 1898 2427 pertinens
1943 2347 2309 2413 coniunctae
2354 2349 2505 2411 sunt

313 2463 722 2535 praeceptores
787 2477 1096 2537 eoo-mque
1153 2461 1427 2534 beneficia
1487 2455 1547 2523 d.
1598 2455 1662 2522 b.
1716 2454 1819 2525 ῙΠ
1872 2457 1929 2538 3,
1978 2457 2038 2523 4.
2122 2474 2225 2524 res
2279 2458 2346 2520 et
2400 2471 2505 2521 res

313 2570 704 2631 condicionem
763 2572 950 2631 maris
1009 2589 1325 2655 cursusque
1387 2574 1513 2633 eius
1574 2565 1655 2631 di.
1720 2564 1848 2631 XII
1916 2567 2017 2646 20,
2077 2567 2136 2631 2.
2260 2560 2506 2631 Similia

321 2676 501 2737 sunt:
574 2688 670 2752 ep.
713 2672 815 2755 95,
860 2674 962 2738 43.
1025 2692 1124 2755 ep.
1172 2675 1310 2759 110,
1335 2674 1408 2775 p.
1471 2658 1537 2739 dl
1572 2673 1632 2740 b.
1674 2672 1767 2741 1v
1806 2672 1863 2753 7,
1911 2674 1965 2739 1.
2032 2674 2094 2740 d.
2122 2673 2185 2738 b.
2216 2673 2272 2740 v
2302 2675 2402 2753 1o,
2450 2672 2505 2737 1.

317 2780 400 2846 di.
449 2782 505 2849 V
546 2782 648 2863 34,
696 2784 749 2848 1.
821 2782 903 2847 di.
949 2782 1067 2849 VH
1101 2784 1202 2865 20,
1246 2784 1304 2849 6.
1366 2784 1448 2850 di.
1490 2782 1583 2849 XI
1626 2784 1685 2863 9,
1734 2785 1790 2850 7.
1855 2782 1937 2849 di.
1981 2782 2106 2848 XII
2152 2782 2257 2863 20,
2301 2783 2357 2847 2.

525 2892 867 2959 Rarissime
926 2896 1142 2958 autem
1203 2917 1275 2960 ae
1337 2893 1403 2957 in
1463 2893 1701 2959 talibus
1754 2890 2083 2959 sententiis
2129 2892 2509 2959 conlocatur.

319 3000 532 3083 Atque
582 3019 778 3067 unum
831 3004 1084 3066 tantum
1133 3001 1491 3085 exemplum
1534 3002 1661 3085 legi
1699 3002 1870 3085 quod
1912 3001 2100 3082 plane
2144 3019 2286 3067 cum
2332 3002 2507 3066 ante·

318 3111 680 3177 cedentibus
737 3115 1117 3193 congrueret
1169 3120 1361 3177 terrae
1411 3134 1484 3178 ae
1533 3118 1713 3176 terris
1752 3117 1947 3177 vicina
1988 3128 2047 3175 n.
2093 3128 2153 3192 q.
2190 3108 2223 3174 1
2265 3128 2359 3192 pr.
2408 3108 2511 3175 14.

315 3221 543 3287 Cetera
584 3236 732 3286 vero
778 3220 1041 3303 paulum
1082 3220 1208 3287 iam
1250 3220 1329 3287 ab
1370 3221 1490 3287 hac
1531 3217 1911 3286 formatione
1939 3216 2279 3286 deflectunt
2306 3226 2511 3284 miser·
2572 3218 2577 3229 '

313 3336 504 3397 rimas
565 3352 635 3397 ac
696 3334 1029 3396 miserrima
1087 3334 1282 3395 omnia
1339 3334 1599 3408 efficiens
1650 3346 1745 3411 ep.
1814 3328 1953 3408 101,
2014 3327 2111 3392 10.
2200 3330 2509 3406 Cambyses

307 3442 579 3515 furiosus
633 3461 702 3503 ac
759 3444 967 3517 furore
1007 3444 1258 3517 feliciter
1295 3460 1438 3503 ustos
1483 3454 1580 3520 ep.
1625 3436 1725 3517 86,
1774 3436 1830 3501 1.
1940 3434 2169 3515 quibus
2210 3434 2511 3501 adstruas

315 3564 418 3628 ep.
463 3546 564 3628 92,
609 3548 710 3613 30.
780 3565 877 3630 ep.
924 3547 1063 3627 102,
1113 3547 1210 3612 15.
1316 3551 1544 3613 laetitia
1595 3549 1724 3612 alta
1779 3554 1953 3626 atque
1993 3566 2067 3611 ex
2116 3548 2239 3611 alto
2276 3551 2511 3611 veniens

313 3654 402 3722 di.
445 3654 570 3721 VII
611 3658 672 3736 4,
715 3656 775 3722 4.
1469 3666 1475 3673 ·
1738 3660 1743 3665 “
1876 3666 1883 3671 ·
1988 3688 1995 3695 -
2316 3650 2341 3677 ⁸¹

1392 3860 1508 3927 XI.

475 3986 481 3995 '
522 3988 885 4056 Sententiae
911 3988 1016 4055 vel
1054 3986 1341 4054 notiones
1380 3985 1733 4053 contrariae
1774 3985 1853 4053 de
1882 3985 2108 4070 quibus
2134 3975 2301 4053 idem
2318 3987 2509 4069 valet,

316 4118 406 4167 ex
457 4116 660 4181 aequo
710 4115 1159 4180 saepenumero
1227 4100 1551 4178 ponuntur
1602 4112 1716 4177 per
1764 4104 1917 4160 et-et.
2004 4096 2335 4162 Interdum
2391 4096 2510 4161 hoc

318 4190 519 4275 etiam
560 4227 675 4292 per
721 4231 964 4289 que-que
1003 4204 1142 4273 fieri
1169 4223 1366 4287 supra
1400 4204 1672 4273 vidimus
1688 4252 1705 4284 ‚
1742 4204 2089 4283 ,artissime
2130 4208 2344 4271 tamen
2388 4205 2509 4271 cir·

317 4318 743 4402 cumscriptus
785 4316 887 4383 hic
919 4334 1071 4383 usus
1116 4319 1369 4398 praeter
1412 4330 1519 4379 eos
1563 4312 1737 4379 locos
1764 4310 1870 4378 ubi
1901 4312 2107 4379 oratio
2136 4331 2249 4396 per
2274 4314 2509 4395 duplex

313 4428 723 4497 enuntiatum
780 4427 1118 4493 relativum
1178 4424 1614 4510 progreditur,
1672 4412 1807 4489 'non
1850 4422 2189 4489 invenitur.
2274 4423 2510 4490 Rarius

2068 4557 2104 4611 5
