3009 5000
1445 365 1527 428 38

481 563 539 636 3,
589 561 644 626 4.
685 565 857 637 finem
898 569 996 626 sui
1037 585 1332 642 suorumq.
1377 579 1472 644 ep.
1520 563 1619 641 71,
1668 563 1764 626 14.
1808 568 2054 628 salutem
2094 585 2260 626 suam
2294 584 2586 643 suorumq.

476 688 572 751 ep.
622 671 759 748 118,
808 671 867 734 4;
1916 657 1920 664 ’

591 801 654 843 se
693 801 764 844 ac
805 786 902 843 sui
945 779 1004 846 d.
1050 779 1109 844 b.
1155 777 1240 844 VI
1286 780 1386 857 30,
1432 781 1488 843 6.
1536 779 1617 844 di.
1659 779 1750 843 XI
1789 780 1843 857 1,
1890 781 1947 844 3.
1993 779 2073 844 di.
2122 777 2244 844 XII
2282 781 2343 856 5,
2372 782 2429 844 2.
2473 787 2593 844 sibi

476 911 544 953 ae
606 895 731 954 suis
787 907 884 968 ep.
928 890 1027 967 42,
1074 892 1130 953 2.
1177 907 1274 972 ep.
1319 889 1420 972 87,
1468 889 1567 954 1¹7.
1638 911 1738 952 vos
1801 911 1872 954 ae
1926 895 2123 952 vestra
2180 887 2261 952 di.
2325 887 2440 950 VH
2485 889 2587 952 28.

474 1019 580 1062 suo
622 1020 694 1062 ac
730 1020 972 1062 suorum
1012 1004 1165 1062 malo
1208 1015 1268 1061 n.
1313 1014 1373 1077 q.
1419 997 1474 1062 V
1523 997 1621 1076 18,
1670 997 1767 1061 11.
1833 1019 1895 1060 se
1934 1019 2004 1062 ae
2034 1019 2205 1062 suwm
2233 1004 2591 1064 commodum

519 1106 578 1170 d.
622 1105 684 1170 1).
727 1105 814 1169 IV
862 1107 920 1183 3,
975 1107 1032 1170 2.
1774 1169 1785 1176 .

588 1219 710 1296 Que
752 1213 948 1280 habes
994 1213 1092 1278 his
1137 1214 1318 1278 locis:
1356 1235 1529 1294 seque
1572 1212 1631 1278 (1.
1675 1213 1733 1278 1).
1762 1214 1847 1278 VI
1888 1215 1985 1292 13,
2028 1215 2083 1278 1.
2128 1213 2211 1279 di.
2244 1212 2339 1278 IX
2385 1215 2484 1298 11,
2533 1215 2589 1278 1.

395 1331 562 1402 teque
604 1340 700 1404 ep.
747 1323 851 1402 92,
906 1324 967 1389 1.
1025 1341 1121 1403 ep.
1169 1323 1281 1399 95,
1325 1325 1382 1400 3,
1429 1322 1510 1388 (11.
1559 1322 1649 1388 VI
1697 1323 1795 1402 17,
1843 1324 1896 1390 L
1954 1341 2017 1388 n.
2061 1339 2119 1402 q.
2166 1322 2197 1388 I
2236 1323 2294 1400 6,
2342 1324 2399 1388 3.
2506 1322 2596 1386 Et

399 1434 706 1514 quattuor
752 1431 1004 1511 quidem
1065 1431 1217 1496 locis
1269 1449 1613 1512 pronomen
1671 1432 2023 1514 pronomini
2079 1434 2435 1511 oppositum
2492 1435 2592 1496 est

383 1553 486 1606 om
539 1549 704 1619 teque
767 1559 863 1620 ep.
911 1541 1012 1619 92,
1070 1542 1124 1606 1.
1169 1559 1229 1605 n.
1274 1558 1332 1620 q.
1377 1541 1408 1604 I
1453 1542 1513 1623 6,
1557 1543 1615 1605 3.
1672 1563 1763 1606 me
1804 1561 1973 1620 seque
2016 1541 2072 1606 d.
2115 1540 2174 1605 1).
2236 1541 2321 1604 VI
2383 1542 2483 1620 13,
2529 1543 2585 1607 1.

390 1655 543 1714 alios
586 1658 748 1729 teque
790 1648 874 1712 di.
918 1648 1006 1714 VI
1053 1650 1149 1723 17,
1200 1650 1256 1713 1.
1301 1672 1361 1714 se
1403 1656 1664 1730 aliosque
1692 1649 1772 1713 di.
1815 1648 1905 1712 IX
1939 1651 2035 1728 12,
2072 1651 2132 1714 4.
2178 1649 2257 1714 di.
2278 1647 2350 1712 ’Χ
2385 1651 2490 1725 14,
2530 1653 2591 1716 3.

589 1758 986 1824 Adiectivum
1031 1780 1204 1822 suum
1259 1775 1402 1822 cum
1446 1780 1555 1836 que
1598 1758 2012 1839 compositum
2063 1758 2217 1838 legis
2260 1763 2595 1840 praeterea

388 1884 483 1948 ep.
531 1868 632 1942 20,
672 1861 778 1931 10.
830 1868 890 1931 (1.
935 1867 1012 1932 cI.
1055 1867 1086 1930 I
1136 1867 1190 1945 1,
1226 1868 1279 1931 1.
1323 1865 1380 1932 d.
1429 1867 1504 1931 cl.
1550 1865 1583 1932 I
1630 1868 1726 1945 14,
1772 1869 1829 1932 2.
1874 1868 1933 1933 (1.
1979 1868 2052 1932 cl.
2082 1868 2114 1930 I
2155 1870 2253 1944 26,
2298 1871 2353 1932 4.
2442 1887 2589 1934 cum

301 2036 306 2045 .
387 1999 457 2041 ae
487 1993 582 2057 ep.
607 1977 706 2053 21,
741 1976 798 2038 2.
830 1993 924 2056 ep.
955 1976 1056 2054 90,
1088 1977 1188 2042 28.
1220 1974 1300 2040 di.
1323 1974 1416 2041 XI
1441 1977 1501 2052 9,
1537 1976 1594 2041 5.
1624 1975 1683 2039 d.
1708 1975 1766 2040 1).
1792 1975 1915 2042 VII
1943 1977 2001 2056 6,
2025 1979 2083 2041 3.
2116 1976 2177 2040 (1.
2202 1975 2259 2040 1).
2290 1976 2415 2041 VH
2446 1978 2503 2054 7,
2531 1979 2592 2040 3.

587 2083 854 2150 Omnem
895 2089 1109 2149 autem
1161 2084 1440 2150 locorum
1485 2103 1799 2150 summam
1851 2085 1902 2149 si
1948 2084 2431 2164 computaveris,
2476 2103 2591 2148 nu-

391 2213 637 2258 merum
683 2194 1114 2274 exemplorum
1145 2193 1206 2256 in
1250 2192 1475 2272 quibus
1520 2217 1589 2258 ae
1622 2199 1769 2258 ante
1795 2217 1827 2258 s
1853 2194 2087 2275 legitur
2108 2192 2360 2259 circiter
2386 2193 2591 2258 altero

390 2307 572 2368 tanto
639 2300 940 2367 maiorem
1000 2319 1138 2368 esse
1202 2301 1461 2368 videbis.
1566 2302 1794 2382 Itaque
1855 2303 2021 2383 quod
2083 2303 2326 2383 opinati
2368 2321 2591 2369 sumus

392 2412 646 2478 litterae
687 2435 718 2476 s
762 2411 974 2476 favere
1019 2434 1104 2490 ae,
1149 2410 1248 2476 his
1295 2428 1546 2491 quoque
1586 2411 1893 2490 exemplis
1936 2410 2171 2476 firmari
2216 2411 2481 2476 videtur.

593 2523 676 2585 At
745 2521 1186 2603 pronominum
1245 2529 1373 2600 ipse
1438 2524 1505 2585 et
1544 2521 1617 2601 is,
1679 2538 1846 2601 quae
1888 2538 2031 2585 cum
2090 2545 2199 2600 que
2238 2520 2584 2587 identidem

396 2632 729 2697 coniuncta
767 2630 1086 2710 leguntur,
1130 2630 1422 2710 exempla
1449 2628 1700 2693 adferre
1722 2629 2120 2709 supersedeo.
2210 2630 2418 2695 Unum
2446 2636 2593 2695 tan-

397 2749 537 2805 tum
585 2740 948 2825 exemplum
995 2739 1162 2819 quod
1206 2738 1350 2803 huic
1397 2756 1661 2804 numero
1718 2739 2072 2817 adiecerim,
2140 2739 2465 2819 indicetur,
2512 2740 2597 2805 di.

387 2849 449 2913 II
491 2851 551 2928 6,
598 2851 656 2928 3,
704 2847 814 2913 ubi
855 2848 1086 2913 codicis
1127 2847 1374 2912 Mediol.
1423 2849 1741 2927 scriptura
1781 2848 1937 2913 haec
1988 2851 2086 2913 est
2141 2872 2247 2914 nee
2286 2857 2591 2929 quiequam

391 2982 562 3023 suum
610 2965 729 3023 uisi
768 2980 830 3022 se
862 2966 1031 3036 putet
1069 2980 1190 3022 esse
1212 2980 1434 3036 quoque
1473 2980 1543 3023 ea
1580 2967 1760 3035 parte
1802 2981 1922 3037 qua
1950 2964 2154 3023 melior
2196 2967 2297 3022 est.
2398 2956 2593 3023 Recte

392 3066 646 3149 quidem
711 3066 1032 3131 recusavit
1093 3065 1368 3131 Haasius
1415 3065 1690 3131 Fickerti
1749 3066 2165 3131 mutationem
2224 3090 2416 3146 eaque,
2482 3067 2593 3132 sed

393 3177 563 3257 quod
611 3178 744 3255 ipse
789 3174 1048 3239 coniecit
1088 3180 1154 3239 id
1195 3197 1435 3255 quoque,
1479 3175 1688 3256 placet
1724 3175 2029 3240 insertum
2052 3182 2137 3254 id,
2164 3175 2447 3256 displicet
2490 3176 2597 3241 de-

393 3282 641 3349 fensum
685 3306 924 3364 quoque.
1022 3282 1163 3360 Qua
1205 3284 1284 3349 de
1320 3301 1511 3347 causa
1541 3301 1619 3347 ne
1642 3282 1957 3365 Madvigio
1994 3284 2246 3363 quidem
2280 3285 2597 3349 adsentior

385 3416 446 3458 se
489 3415 712 3473 quoque
755 3391 1070 3457 scribenti.
1161 3391 1550 3457 Accuratiori
1595 3392 1759 3457 enim
1804 3393 2087 3471 priorum
2110 3392 2447 3458 verborum
2488 3394 2595 3459 de-

390 3500 654 3567 finitioni
701 3505 924 3581 aptum
972 3501 1180 3566 solum
1220 3499 1473 3565 videtur
1516 3518 1653 3565 esse
1696 3507 1890 3581 idque.

595 3607 660 3673 Si
707 3609 797 3673 eis
840 3626 1002 3688 quae
1047 3608 1124 3671 de
1168 3626 1442 3692 persona
1482 3608 1582 3673 vel
1625 3626 1693 3672 re
1740 3609 2035 3689 diximus,
2080 3627 2314 3673 novum
2358 3610 2598 3689 aliquid

387 3718 566 3798 quod
607 3718 667 3781 in
713 3718 977 3782 eandem
1024 3735 1356 3799 personam
1402 3718 1506 3783 vel
1554 3738 1687 3783 rem
1712 3718 1903 3783 cadat
1946 3718 2266 3797 adicimus,
2311 3724 2598 3799 repetere

398 3824 576 3889 illam
622 3825 896 3891 solemus
938 3845 1052 3907 per
1094 3844 1434 3909 pronomen
1479 3834 1652 3893 idem.
1720 3826 1913 3893 Cuius
1955 3828 2199 3907 generis
2242 3831 2390 3893 sunt
2436 3830 2495 3893 d.
2534 3827 2596 3893 1).

399 3932 496 3997 ΠΙ
554 3936 636 3999 24
678 3943 987 4014 imperavit
1045 3942 1263 4002 medico
1302 3943 1593 4016 eidemque
1632 3959 1800 4001 servo
1838 3959 1962 4001 suo.
2023 3954 2084 3999 n.
2144 3953 2203 4015 q.
2250 3936 2337 4001 VI
2388 3936 2485 4016 14,
2531 3938 2592 4001 4.

401 4064 507 4107 aer
549 4051 923 4109 tenuissimus
963 4050 1226 4125 idemque
1268 4052 1645 4123 fortissimus.
1732 4042 1873 4108 Non
1918 4049 2129 4109 autem
2174 4062 2368 4108 unum
2413 4061 2595 4109 voca·

402 4149 640 4229 bulum,
687 4151 794 4217 sed
849 4158 1052 4217 totum
1107 4155 1504 4219 enuntiatum
1563 4154 1879 4219 adiectum
1930 4158 2030 4219 est
2082 4172 2140 4216 n.
2205 4170 2263 4233 q.
2310 4153 2362 4216 V
2411 4154 2507 4231 18,
2552 4155 2593 4217 2

391 4257 496 4323 ubi
527 4259 604 4323 de
627 4262 832 4325 ventis
848 4262 1088 4327 dictum
1111 4266 1226 4345 est,
1248 4271 1313 4327 ut
1332 4268 1547 4327 imbres
1570 4268 1747 4327 terris
1766 4268 2280 4327 subministrarent
2299 4268 2587 4343 iidemque
