3009 5000
1521 336 1606 404 68

461 539 733 605 maxime
775 537 1148 604 documento
1192 539 1307 615 est,
1352 535 1521 618 quod
1561 536 1626 600 in
1673 536 1833 604 serie
1876 535 2289 620 complurium
2316 534 2651 602 verborum

460 648 712 732 singula
751 664 889 716 sese
930 663 1053 712 non
1102 663 1219 728 per
1261 656 1332 724 et,
1373 646 1484 712 sed
1519 645 1783 713 diversis
1827 647 2027 713 modis
2068 646 2410 728 excipiunt.

660 755 746 822 Et
810 755 1011 838 primo
1081 755 1333 838 quidem
1376 756 1511 822 loco
1554 754 1934 822 nominanda
1973 756 2165 823 trium
2210 753 2653 820 vocabulorum

459 865 776 948 copulatio
809 881 973 946 quae
1016 863 1091 930 fit
1131 881 1246 946 per
1285 878 1494 944 que-et,
1540 871 1733 930 dicam
1766 899 1850 908 —-
1895 869 2375 944 quemadmodum
2400 871 2655 928 irascen-

461 986 576 1042 tem
634 983 988 1044 retineamus
1045 980 1453 1056 placemusque
1522 982 1579 1040 et
1618 979 1699 1039 ad
1738 982 2047 1040 sanitatem
2086 979 2433 1040 reducamus
2472 971 2557 1038 di.
2597 973 2656 1038 V

463 1085 522 1164 5,
554 1085 612 1150 2.
684 1083 974 1152 Secunda
1014 1087 1230 1150 autem
1271 1083 1352 1150 ab
1393 1084 1516 1150 hoc
1558 1101 1681 1150 usu
1720 1083 1973 1150 videtur
2013 1100 2155 1151 esse
2195 1083 2513 1164 copulatio
2541 1099 2655 1165 per

463 1202 636 1272 ize-et,
681 1192 858 1260 velut
895 1199 1224 1274 splendidis
1263 1199 1352 1258 uti
1393 1217 1463 1260 ae
1503 1200 1853 1260 sonantibus
1894 1203 1951 1260 et
1981 1199 2351 1274 poetici-sep.
2386 1191 2525 1270 114,
2560 1192 2657 1257 14.

467 1302 788 1384 Frequens
827 1301 1022 1368 etiam
1067 1307 1168 1368 est
1209 1319 1364 1368 usus
1404 1301 1863 1383 particularum
1902 1312 2115 1382 et-que,
2160 1309 2329 1368 trans
2361 1307 2665 1368 Hadriam

465 1421 521 1478 et
563 1415 800 1477 Ionium
823 1415 1234 1492 Aeqaewuque
1254 1429 1348 1494 ep.
1373 1412 1472 1492 89,
1516 1413 1617 1478 20.
1694 1410 1957 1494 Saepius
1980 1427 2133 1475 vero
2154 1409 2236 1478 ad
2257 1408 2452 1478 verba
2476 1427 2665 1492 copur

465 1521 662 1587 landa
680 1537 870 1601 quam
893 1520 1150 1587 nomina
1176 1519 1531 1586 adhibitum
1552 1520 1677 1586 vidi
1704 1530 1877 1600 et·ae‚
1904 1543 2075 1586 erras
2094 1529 2150 1586 et
2168 1527 2365 1601 aqeris
2385 1543 2454 1585 ae
2477 1525 2667 1584 locum

472 1651 546 1696 em
589 1636 709 1695 loeo
743 1637 936 1694 mutae
977 1645 1076 1709 ep.
1099 1629 1199 1708 28,
1241 1628 1299 1692 5.
1387 1627 1629 1694 Minore
1665 1632 1881 1694 tamen
1925 1627 2359 1709 exemplorum
2401 1643 2667 1692 numero

475 1738 748 1822 probata
811 1739 962 1804 sunt
1014 1746 1324 1818 que-atque
1364 1738 1490 1820 (ae)
1532 1741 1599 1804 et
1643 1747 1815 1818 atque
1856 1733 1985 1821 (ae)
2028 1761 2199 1818 -que‚
2262 1736 2477 1820 qualia
2517 1741 2668 1803 sunt

473 1856 840 1929 praetextam
887 1852 1158 1927 facesque
1209 1869 1282 1913 ae
1327 1852 1593 1912 tribunal
1650 1845 1733 1914 di.
1789 1845 2005 1931 11312,
2046 1849 2105 1912 2.
2168 1849 2235 1912 et
2290 1851 2667 1926 Carthaqinie

427 1981 433 1992 ·
475 1980 545 2024 ae
585 1937 946 2023 Numantiae
991 1959 1370 2036 Corinthique
1413 1962 1664 2022 cinerem
1706 1956 1786 2023 di.
1837 1955 1933 2022 XI
1976 1957 2031 2035 1,
2080 1957 2121 2022 2
2164 1973 2238 2022 ac
2282 1973 2363 2021 ne
2405 1955 2666 2022 tertiam

472 2065 786 2133 desideres
828 2064 1227 2148 particulam,
1271 2063 1372 2132 his
1413 2065 1609 2131 trium
1652 2065 1901 2132 urbium
1947 2065 2307 2132 nominibus
2346 2065 2664 2132 adiectum

480 2174 642 2256 legis
663 2183 755 2270 pt
795 2181 850 2240 ei
894 2181 1039 2254 quid
1061 2157 1260 2240 *alteas
1298 2180 1521 2242 cecidit.
1592 2174 1733 2242 Uno
1774 2175 1909 2242 loco
1938 2175 2149 2245 addito
2178 2175 2287 2255 qui
2316 2191 2509 2255 quam
2540 2173 2672 2240 late

475 2285 701 2369 pateat
760 2281 920 2350 haec
971 2283 1136 2350 ratio
1201 2283 1498 2349 ostendat
1512 2331 1529 2361 ‚
1592 2281 1793 2350 finem'
1835 2282 2081 2350 faciam.
2168 2283 2455 2365 Quinque
2506 2282 2673 2350 enim

479 2391 674 2460 verba
738 2391 998 2460 variatis
1061 2392 1300 2474 copulis
1363 2397 1825 2475 componuntur
1884 2411 1947 2458 n.
2002 2411 2060 2475 q.
2106 2392 2162 2460 V
2206 2395 2247 2460 2
2300 2416 2525 2460 nece-sse
2584 2403 2671 2460 est

477 2508 602 2569 alia
641 2507 784 2569 aliis
823 2507 1091 2569 incidant
1127 2511 1193 2568 et
1234 2508 1523 2583 inpellant
1561 2526 1643 2571 ae
1682 2509 2051 2584 repellantur
2072 2510 2567 2585 inplicenturque
2606 2513 2673 2569 et

481 2617 946 2691 conprimuntur.
1921 2604 1927 2609 ¹
1954 2678 1959 2683 .

695 2718 1032 2787 Adiectum
1087 2722 1428 2787 secundum
1471 2722 1845 2789 vocabulum
1885 2740 2001 2807 per
2043 2746 2153 2805 que
2192 2721 2417 2791 ceteris
2457 2740 2571 2805 per
2612 2733 2668 2790 et

481 2828 828 2895 coniunctis
871 2828 1172 2912 pluriens·
1196 2830 1342 2912 legi,
1383 2830 1559 2897 velut
1602 2838 1737 2897 boni
1774 2839 2156 2915 maqisiratus
2190 2842 2579 2914 parentesque
2616 2842 2673 2899 et

481 2946 894 3019 praeceptores
957 2948 1012 3003 et
1077 2946 1300 3007 iudices
1361 2940 1442 3007 di.
1487 2940 1577 3007 IV
1620 2941 1719 3023 27,
1763 2943 1825 3017 3,
1862 2966 1934 3007 ao
1982 2946 2199 3009 autem
2255 2942 2345 3007 ita
2386 2943 2677 3023 usurpati

489 3065 686 3113 unum
739 3048 1101 3129 exemplum
1152 3052 1404 3127 tantum
1457 3052 1715 3131 praesto
1768 3051 1921 3117 mihi
1965 3056 2065 3118 est
2102 3058 2326 3119 videbis
2364 3059 2569 3119 caedes
2606 3076 2679 3119 ae

486 3178 708 3223 venena
747 3164 1078 3222 et-et·et-et-
1113 3155 1194 3223 di.
1236 3156 1339 3223 III
1385 3158 1444 3237 2,
1493 3158 1550 3224 1.

697 3262 976 3330 Mixtura
1031 3266 1350 3345 quaedam
1412 3263 1762 3349 figurarum
1819 3266 2211 3352 polysyndeti
2278 3275 2345 3337 et
2387 3270 2678 3353 asyndeti

489 3370 562 3439 fit
602 3372 835 3438 omissa
873 3373 1187 3454 particula
1229 3373 1292 3438 in
1334 3374 1633 3441 membris
1674 3376 2017 3459 prioribuss,
2071 3376 2677 3461 additaffiostremo,

351 3486 361 3495 ’
486 3482 658 3563 quod
710 3485 849 3548 tum
892 3482 1168 3549 maxime
1205 3481 1341 3549 fieri
1385 3484 1571 3565 solet,
1613 3484 1667 3551 si
1710 3484 1941 3553 ultima
1983 3504 2107 3553 vox
2146 3492 2264 3553 aut
2301 3488 2675 3555 anteceden-

489 3591 584 3657 tia
633 3590 844 3658 omnia
883 3594 1000 3657 aut
1039 3608 1206 3673 quae
1243 3592 1519 3659 nondum
1560 3594 1882 3661 nominata
1916 3599 2067 3663 sunt
2107 3596 2542 3681 complectitur
2582 3596 2675 3662 id-

2682 440 2706 474 N

492 3718 617 3782 (11²³
656 3700 980 3783 Proprium
1025 3718 1162 3767 esse
1203 3700 1477 3770 officium
1505 3728 1615 3785 que
1640 3703 1993 3787 particulae
2022 3710 2241 3771 notum
2268 3707 2386 3773 est.
2454 3704 2683 3790 Super·
2814 3790 2819 3794 ¹

491 3806 680 3875 sedeo
718 3805 966 3875 adferre
1007 3812 1296 3894 exempla
1340 3812 1406 3879 id
1434 3816 1689 3881 tantum
1724 3819 2328 3883 commemoraturus
2369 3837 2497 3897 que,
2536 3833 2681 3882 cum

491 3917 836 3985 identidem
901 3918 1225 3988 adiectivis
1282 3930 1458 3989 ceteri
1533 3929 1599 3990 et
1650 3931 1807 3991 alius
1849 3924 2190 4007 adiciatur,
2248 3924 2315 3989 in
2354 3923 2480 3991 fine
2514 3925 2683 3991 vocis

493 4032 759 4107 reliquus
788 4044 912 4092 non
955 4028 1218 4095 inveniri
1261 4031 1432 4113 apud
1473 4030 1791 4099 Senecam.
1878 4033 2167 4117 Denique
2205 4032 2286 4099 ab
2326 4032 2684 4100 adhibenda

494 4135 806 4218 particula
867 4146 1042 4219 atque
1094 4138 1159 4203 in
1215 4137 1335 4207 hoc
1385 4158 1617 4223 genere
1668 4140 1967 4209 Senecam
2012 4158 2264 4224 quoque
2306 4140 2687 4209 abstinuisse

497 4250 654 4325 puto
667 4294 684 4325 ‚
741 4265 922 4312 nam·
955 4249 1124 4328 quod
1183 4249 1276 4315 ita
1327 4252 1737 4319 constitutum
1794 4270 1933 4322 esse
1982 4253 2350 4336 exemplum.
2376 4250 2684 4333 videatur,

499 4345 684 4413 aliter
729 4353 1169 4436 explicandum
1215 4361 1333 4429 est.
1415 4359 1679 4442 Legitur
1722 4362 1886 4428 enim
1928 4363 2009 4431 di.
2051 4363 2141 4431 IV
2167 4364 2265 4445 19,
2310 4363 2343 4429 1
2386 4384 2527 4427 nam
2552 4383 2685 4428 omn
