3009 5000
49 965 72 1000 1

99 635 126 680 5

1151 304 1474 420 κ’24

553 553 708 618 110111
737 571 915 635 pron.
940 571 1105 635 poss.
1135 556 1202 618 et
1233 553 1609 618 adiectivum
1639 559 1971 632 publicum:
1994 575 2167 619 suum
2184 557 2537 631 publicum.

325 607 600 728 ‘dolorem
641 659 720 728 (11.
763 662 864 728 111
913 663 1008 740 11,
1056 662 1112 727 7
1159 662 1242 728 di.
1259 661 1343 728 v1
1388 663 1485 742 11,
1535 664 1593 728 1.
1620 680 1718 743 ep.
1742 663 1843 741 89,
1871 663 1969 728 18.

545 767 726 834 Mera
768 770 1077 836 adiectiva
1118 775 1268 835 sunt
1291 777 1613 836 humanum
1654 776 1969 850 divmumq.
2014 789 2113 851 ep.
2160 771 2259 848 88,
2304 771 2407 836 35.
2440 787 2537 850 ep.

349 879 491 959 120,
540 880 636 944 14.
679 878 762 944 di.
807 879 875 944 II
916 881 973 957 6,
1023 881 1082 946 8.
1121 885 1301 946 irabis
1344 885 1439 946 dis
1473 885 1813 958 propitii-sq.
1860 897 1921 942 n.
1942 896 2006 958 q.
2053 878 2117 944 ΙΙ
2158 878 2258 957 59,
2305 879 2363 943 4.
2421 877 2537 944 His

342 987 634 1056 adscribe
673 987 756 1053 di.
806 988 894 1054 VI
937 989 1036 1065 21,
1084 991 1143 1052 3.
1180 988 1264 1053 di.
1306 986 1430 1053 VII
1470 989 1530 1064 4,
1578 988 1638 1052 2.
1682 988 1765 1053 di.
1808 985 1967 1054 VIII
2005 989 2064 1066 4,
2114 988 2167 1054 1.
2212 987 2294 1054 di.
2338 986 2431 1053 IX
2476 989 2532 1064 1,

348 1097 444 1163 11.
491 1097 573 1162 di.
619 1095 711 1162 IX
754 1099 812 1174 8,
857 1099 918 1162 2.
961 1096 1045 1162 (11.
1085 1095 1179 1162 IX
1229 1097 1324 1174 11,
1373 1099 1437 1162 3.·
1479 1096 1563 1162 di.
1607 1096 1702 1162 IX
1745 1097 1841 1175 11,
1888 1098 1948 1161 8.
1990 1096 2073 1162 di.
2104 1097 2163 1162 X
2210 1098 2305 1174 15,
2352 1097 2411 1161 2.
2454 1095 2535 1161 di.

341 1205 470 1272 XII
517 1207 614 1285 11,
663 1207 827 1270 7.·11.
872 1222 932 1284 q.
977 1206 1012 1271 1
1049 1206 1148 1270 10.
1191 1223 1253 1270 11.
1299 1222 1358 1285 q.
1401 1205 1529 1271 VII
1570 1206 1669 1286 25,
1712 1207 1773 1270 5.

541 1313 742 1378 Plura
782 1313 972 1378 huius
1013 1313 1262 1394 generis
1303 1315 1595 1396 exempla
1646 1315 1710 1380 iu
1754 1314 1987 1394 quibus·
2020 1323 2197 1394 atque
2254 1312 2541 1380 adhibuit

345 1423 619 1504 scriptor
657 1428 880 1506 postea
921 1423 1354 1499 indicabimus,
1416 1427 1665 1490 constat
1720 1428 1935 1488 tamen
1990 1423 2109 1490 sibi
2154 1424 2424 1506 scriptor
2475 1422 2539 1488 in

345 1533 792 1613 componendis
829 1532 1154 1600 adiectivis
1199 1539 1474 1598 deoetrwm
1524 1525 1591 1598 et
1634 1539 1943 1598 sinsstrwm
1994 1532 2093 1598 vel
2144 1540 2369 1600 locvm
2426 1549 2541 1612 per

344 1665 472 1723 que.
560 1641 662 1706 Sic
703 1642 940 1723 legitur
969 1665 1152 1706 cornu
1179 1647 1454 1706 demo-um
1481 1648 1767 1720 laevmnq.
1804 1641 1885 1706 di.
1930 1640 2023 1708 IX
2064 1643 2125 1725 3,
2168 1642 2227 1708 5.
2270 1648 2541 1708 dextrum

345 1757 690 1830 auspicium·
713 1757 1071 1830 sinistrmnq.
1118 1769 1178 1816 n.
1223 1767 1284 1830 q.
1323 1749 1389 1816 ΙΙ
1432 1752 1531 1828 32,
1580 1752 1639 1816 3.
1680 1757 1741 1814 d.
1784 1757 2062 1829 laevam.
2107 1729 2339 1828 partem
2385 1768 2445 1814 n.
2477 1767 2537 1829 q.

344 1859 468 1927 VII
506 1860 608 1939 21,
653 1861 710 1924 2.
755 1864 966 1926 dextra
1010 1865 1236 1940 laevaq,
1277 1878 1336 1924 n.
1383 1877 1445 1940 q.
1487 1857 1576 1924 IV
1620 1860 1679 1937 2,
1716 1860 1775 1923 8.
1860 1865 2071 1924 dextra
2119 1864 2423 1938 sini-sirm.
2476 1875 2535 1922 n.

345 1986 406 2048 q.
454 1969 544 2034 VI
591 1969 650 2042 6,
693 1969 752 2033 2.

551 2075 640 2141 Α1
683 2076 850 2156 1111110
887 2081 1278 2158 postremum
1321 2077 1529 2142 locum
1554 2094 1694 2142 cum
1739 2075 1891 2140 vitio
1920 2074 2167 2141 laboret
2190 2072 2539 2141 describam

346 2190 412 2250 et
470 2185 563 2250 ita
609 2185 864 2264 quidem
908 2191 983 2250 ut
1020 2183 1223 2251 fertur
1263 2186 1322 2250 in
1369 2185 1577 2252 codice
1618 2183 1675 2248 E
1714 2191 1864 2251 sicut
1910 2190 1977 2248 in
2023 2189 2278 2264 navigiis
2318 2207 2543 2263 quoque

345 2300 532 2358 evcnit
571 2303 639 2360 ut
679 2301 737 2358 si
775 2300 1065 2392 inclinato
1104 2304 1240 2360 sient
1281 2304 1339 2360 et
1377 2301 1650 2360 abierunt
1689 2300 1755 2359 in
1796 2300 1951 2358 latus
1991 2315 2205 2372 aquam
2245 2298 2538 2371 sorbeant,

346 2425 493 2482 quac
535 2409 600 2466 in
645 2410 802 2468 ommi
845 2425 1086 2468 onerwm
1127 2425 1344 2479 eorum,
1403 2424 1553 2482 quae
1592 2408 1767 2477 vehit,
1824 2410 1879 2466 si
1932 2406 2215 2466 inmodice
2266 2406 2545 2480 depressa

345 2520 502 2584 sunt,
542 2519 648 2575 aut
687 2515 1150 2588 superfunditur
1192 2519 1296 2575 aut
1334 2519 1488 2575 certe
1527 2517 1741 2580 cie-vera
1766 2517 2127 2588 sinistraque
2160 2513 2328 2573 solito
2355 2515 2547 2590 maqis

342 2624 552 2699 suryz‘t.
613 2618 876 2689 ‘Vitium
935 2619 1104 2703 quod
1157 2619 1223 2683 in
1266 2618 1475 2685 verbis
1518 2625 1678 2683 omni
1719 2641 1959 2685 oncrum
2002 2618 2203 2683 latere
2262 2616 2541 2685 Haasius

345 2726 632 2809 adposito
676 2727 980 2793 asterisco
1035 2726 1350 2805 indicavit,
1409 2726 1502 2794 ita
1558 2726 1637 2791 H.
1694 2726 1759 2792 G.
1814 2724 2142 2794 Michaelis
2198 2725 2263 2791 in
2322 2724 2546 2792 Philol.
2590 2759 2597 2768 ·

346 2838 469 2905 vol.
513 2836 612 2901 IX
668 2854 729 2919 p.
788 2838 911 2901 345
968 2835 1192 2901 tollere
1247 2835 1363 2902 sibi
1421 2837 1597 2903 visus
1648 2843 1747 2903 est
1796 2839 1873 2902 ut
1924 2834 2229 2901 scriberet
2278 2858 2429 2915 quac
2482 2842 2550 2901 in

348 2956 504 3015 omni
526 2956 934 3019 onerat-iorum
961 2970 1160 3013 eorum
1187 2948 1298 3029 (sc.
1331 2948 1773 3030 navigiorum),
1819 2964 1942 3011 non
1973 2964 2173 3015 onera
2210 2946 2322 3015 sed
2350 2966 2547 3015 naves

347 3075 485 3123 esse
548 3074 710 3136 quae
751 3056 1192 3139 deprimantur
1250 3062 1450 3133 ratus,
1508 3056 1688 3137 quasi
1730 3074 1855 3122 non
1903 3055 2043 3120 iure
2100 3074 2294 3122 naves
2348 3074 2543 3123 onera

345 3164 655 3231 dicantur.
770 3163 1017 3232 Deinde
1061 3166 1267 3232 nescio
1311 3183 1422 3230 cur
1470 3165 1640 3245 quod
1681 3182 1929 3231 summo
1970 3165 2109 3229 iure
2152 3166 2231 3231 de
2273 3164 2544 3247 navigiis

346 3276 412 3340 in
455 3273 818 3339 universum
864 3274 1094 3340 dixerit
1136 3272 1389 3350 Seneca,
1438 3278 1587 3353 post
1627 3272 1705 3337 (10
1748 3272 2057 3339 onerariis
2122 3277 2373 3337 tantum
2417 3272 2546 3338 dic·

349 3370 488 3450 turn
539 3385 708 3449 velit.
797 3384 1056 3451 Accedit
1119 3383 1288 3464 quod
1352 3382 1464 3448 illa
1528 3383 1891 3449 coniectura
1952 3381 2153 3449 falsus
2216 3381 2542 3463 genetivus

348 3492 707 3574 partitivus,
753 3493 820 3557 in
863 3510 988 3572 quo
1027 3492 1334 3557 Haasium
1379 3492 1661 3558 haesisse
1699 3491 1939 3573 opinor,
1983 3490 2313 3572 repetitur.
2386 3488 2547 3555 Mihi

348 3601 603 3683 quidem
645 3599 838 3667 verba
881 3607 948 3664 in
987 3606 1145 3665 omni
1186 3599 1222 3638 ‘⁸‘
1263 3622 1479 3676 eorum,
1536 3622 1687 3680 quae
1726 3606 1880 3665 vehit
1920 3600 2210 3666 -indicare
2234 3598 2547 3669 videntur

349 3708 632 3775 additum
697 3708 936 3789 aliquid
1001 3706 1196 3775 fuisse
1267 3726 1392 3788 quo
1457 3712 1598 3773 tota
1656 3709 1971 3777 sententia
2034 3706 2546 3789 amplificaretur.

353 3818 509 3884 Tale
550 3818 906 3899 Madvigius
949 3834 1201 3898 quoque
1244 3816 1645 3895 desideravit,
1694 3819 1805 3899 qui
1848 3818 2038 3883 aliam
2094 3826 2311 3885 tamen
2350 3838 2547 3902 quam

351 3946 470 4009 ego
515 3928 678 3993 viam
725 3928 1045 4008 ingressus
1095 3933 1452 3993 ceterorum
1505 3928 1791 3995 codicum
1836 3928 2186 4009 scipturam
2242 3936 2407 3995 oneri
2446 3929 2546 3995 vel

354 4060 524 4103 <mere
579 4042 654 4101 ut
706 4036 956 4101 inanem
1013 4035 1566 4118 interpolationem
1624 4035 1898 4101 abiciens
1949 4037 2045 4102 ita
2104 4036 2289 4102 scribi
2349 4036 2551 4105 voluit

199 4184 220 4209 1.
354 4168 503 4224 quac
542 4152 852 4223 impatiens
875 4168 1117 4209 oncrum
1145 4168 1342 4211 corum
1386 4164 1488 4211 me
1533 4162 1659 4210 non
1704 4145 2030 4225 probante,
2088 4163 2231 4211 cum
2276 4146 2461 4212 nimis
2506 4166 2545 4211 a

355 4253 628 4319 traditae
669 4252 955 4319 lectionis
999 4251 1280 4337 vestigiis
1317 4254 1617 4321 recedant
1662 4253 1871 4319 verba.
1984 4252 2081 4319 Ne
2124 4270 2241 4335 ego
2282 4254 2537 4335 quidem

349 4360 736 4457 defenderim
805 4361 1186 4469 scripturam
1246 4370 1314 4430 in
1369 4370 1527 4429 omni
1592 4384 1765 4429 onere
1828 4385 2043 4439 eorum,
2105 4364 2339 4448 quippe
2377 4382 2545 4446 quae
