3009 5000
1491 189 1571 253 41

440 385 526 450 di.
569 385 626 451 V
677 388 777 467 33,
821 389 879 451 3.
923 387 1006 452 di.
1048 385 1169 454 VH
1218 391 1314 469 12,
1363 389 1418 452 1.
1461 389 1521 454 d.
1567 389 1625 454 b.
1681 389 1781 453 III
1825 388 1927 468 36,
1970 389 2029 450 3.
2086 409 2155 450 ac
2195 407 2314 464 pro
2363 385 2421 449 d.
2476 384 2552 450 cl.
2596 385 2629 448 I

441 495 542 576 19,
563 497 620 560 3.
645 493 726 560 di.
746 495 869 561 VII
895 497 990 576 14,
1013 497 1069 561 3.
1117 495 1296 561 Unus
1317 499 1539 560 contra
1565 494 1736 560 locus
1758 493 1841 559 ab
1861 493 1958 558 his
1980 491 2297 572 discrepat
2320 489 2547 555 litteris
2560 496 2633 555 de

439 625 504 668 se
543 627 613 670 ac
655 611 728 670 de
771 611 1078 684 republica
1098 604 1178 669 di.
1206 605 1299 669 IX
1323 605 1420 688 16,
1445 605 1500 668 1.
1547 605 1756 684 Atque
1797 600 2140 686 bisyllabae
2182 598 2631 682 praepositioni

441 712 760 779 antecedit
799 737 870 779 ac
909 732 971 778 n.
1021 729 1080 794 q.
1105 712 1224 778 VII
1267 714 1324 794 1,
1364 714 1406 777 4
1447 721 1501 778 si
1522 719 1667 794 quid
1712 717 2124 792 perturbatwn
2164 719 2250 775 est
2274 733 2359 780 ‚ac
2388 718 2636 789 praeter

433 828 906 888 consuetudinem
945 829 1190 888 emicuit.
1235 821 1326 888 sic
1365 823 1529 888 enim
1577 825 1678 889 est
1716 821 1779 886 in
1823 822 1897 899 E,
1944 820 2011 885 in
2059 819 2109 884 B
2150 829 2272 886 mot.

637 928 908 995 Pleniori
951 948 1098 997 vero
1143 929 1382 998 formae
1417 941 1593 1012 atque
1647 934 1879 997 natura
1921 929 2173 1010 quidem
2235 946 2360 994 non
2402 925 2632 994 consti-

435 1038 566 1103 tuti
608 1043 758 1104 sunt
801 1039 1052 1104 termini
1097 1043 1280 1106 extra
1302 1057 1458 1120 quos
1485 1040 1702 1120 egredi
1734 1040 2047 1123 nequiret,
2086 1037 2395 1108 cancellos
2417 1043 2633 1104 tamen

437 1147 850 1213 circumdedit
888 1166 1060 1228 usus,
1128 1166 1256 1229 qua
1319 1151 1400 1215 de
1437 1167 1507 1214 re
1549 1149 1706 1214 nihil
1760 1154 1862 1216 est
1927 1147 2095 1231 quod
2158 1147 2420 1228 mireris,
2487 1165 2629 1212 cum

431 1272 584 1320 raro
627 1255 832 1324 maius
886 1258 1134 1338 pondus
1185 1258 1339 1324 insit
1389 1256 1858 1341 praepositioni.
1944 1257 2032 1323 Et
2084 1256 2321 1324 Seneca
2376 1256 2632 1340 quidem
2734 1325 2745 1331 ἣ

437 1365 610 1430 intra
657 1381 763 1431 eos
805 1385 877 1432 se
919 1367 1225 1434 continuit
1263 1367 1438 1448 fines,
1490 1373 1566 1434 ut
1620 1371 2067 1449 praeterquam
2122 1370 2271 1432 ante
2313 1367 2631 1449 praeposi-

439 1473 644 1540 tiones
687 1482 752 1540 in
793 1480 861 1541 et
903 1499 976 1540 ea:
1037 1476 1158 1542 hac
1213 1475 1531 1558 particula
1585 1494 1708 1543 non
1773 1480 2092 1557 uteretur3
2152 1485 2326 1556 atque
2371 1482 2437 1540 in
2479 1492 2631 1557 ergo

433 1580 670 1662 legitur
711 1598 806 1663 ep.
855 1584 955 1661 56,
999 1583 1102 1650 10.
1147 1599 1244 1664 ep.
1287 1585 1390 1662 82,
1434 1587 1492 1649 2.
1539 1602 1637 1666 ep.
1680 1585 1781 1668 90,
1827 1585 1929 1649 38.
1972 1601 2069 1666 ep.
2114 1585 2213 1663 93,
2246 1585 2305 1650 4.
2348 1601 2443 1665 ep.
2493 1583 2632 1661 114,

441 1692 542 1757 14.
586 1691 666 1772 dj.
718 1691 840 1757 VII
883 1695 944 1772 5,
991 1695 1048 1759 2.
1088 1692 1171 1758 di.
1214 1691 1337 1758 VII
1393 1695 1452 1779 8,
1495 1696 1553 1758 3.
1608 1693 1667 1758 d.
1713 1693 1771 1758 b.
1829 1693 1952 1758 VII
2008 1694 2067 1770 7,
2114 1695 2169 1758 1.
2223 1711 2282 1758 n.
2325 1712 2385 1775 q.
2428 1692 2518 1758 IV
2569 1695 2627 1773 3,

439 1801 498 1865 5.
544 1819 603 1866 n.
661 1818 723 1880 q.
789 1802 881 1868 VI
953 1804 1048 1882 13,
1112 1804 1168 1868 1.
1233 1811 1404 1884 atque
1466 1826 1541 1869 ex
1594 1803 1685 1876 di.
1748 1801 1847 1868 III
1908 1804 1967 1882 5,
2035 1804 2089 1867 1.
2133 1801 2215 1869 di.
2276 1801 2395 1868 VII
2446 1803 2509 1882 4,
2568 1801 2628 1868 4.

437 1926 500 1976 ιι.
545 1926 604 1990 q.
645 1909 735 1975 IV
783 1912 838 1989 1,
885 1913 944 1976 2.

1470 2161 1611 2228 VII.

641 2318 741 2412 Ad
783 2347 1216 2428 coniungenda
1239 2347 1364 2412 duo
1407 2346 1705 2412 adverbia
1747 2347 2003 2428 saepius
2046 2369 2157 2427 que
2178 2363 2370 2427 quam
2411 2369 2481 2412 ac
2520 2345 2631 2412 ad-

440 2455 710 2535 hibetur,
777 2475 918 2522 cum
987 2460 1240 2523 tantum
1304 2474 1429 2523 non
1471 2462 1786 2523 remotum
1852 2456 1934 2522 ab
1986 2455 2106 2524 hoc
2156 2475 2279 2522 usu
2316 2455 2400 2521 sit
2440 2464 2629 2535 atque.

445 2566 537 2632 Ac
576 2566 850 2648 primum
890 2566 1142 2649 quidem
1186 2571 1396 2633 certae
1436 2566 1746 2647 quaedam
1786 2563 2095 2632 formulae
2140 2566 2202 2629 in
2243 2564 2471 2646 quibus
2499 2563 2633 2631 fere

439 2692 692 2757 semper
747 2698 856 2756 que
915 2679 1280 2757 usurpatur,
1341 2694 1479 2741 cum
1526 2674 1695 2757 apud
1756 2682 2001 2741 ceteros
2070 2674 2427 2756 scriptore8‚
2493 2679 2630 2738 tum
2770 2712 2775 2721 ·

439 2784 609 2865 apud
657 2782 957 2850 Senecam
1002 2801 1252 2866 quoque
1295 2788 1569 2864 exstant,
1613 2784 1790 2849 cuius
1832 2784 2081 2865 generis
2134 2786 2303 2879 sunt·
2333 2788 2440 2847 diu
2478 2788 2630 2847 mul-

441 2902 670 2972 tumque
733 2890 793 2955 d.
865 2891 922 2957 b.
970 2892 1037 2957 11
1079 2892 1138 2974 5,
1183 2892 1240 2955 1.
1285 2890 1364 2957 di.
1407 2891 1508 2957 III
1557 2892 1654 2973 11,
1701 2893 1740 2955 8
1798 2896 1863 2956 et
1926 2891 2173 2956 inverso
2219 2889 2437 2963 ordine
2481 2897 2629 2957 mcl-

441 3010 566 3065 tum
607 3006 820 3081 diuque
863 3000 922 3065 d.
967 3000 1044 3066 cl.
1090 3000 1121 3066 I
1167 3001 1267 3083 14,
1310 3001 1368 3065 3.
1408 3000 1490 3065 di.
1536 2999 1638 3066 ΙΠ
1683 3001 1779 3083 11,
1826 3002 1881 3066 7.
1911 3018 2006 3082 ep.
2044 3001 2142 3080 11,
2173 3001 2230 3065 6.
2269 3018 2365 3082 ep.
2397 3002 2495 3080 20,
2532 3001 2629 3065 10.

442 3107 708 3191 Legitur
751 3126 958 3193 porr0,
1003 3113 1216 3173 tamen
1245 3122 1370 3173 non
1391 3108 1559 3174 omni
1582 3109 1774 3177 dubio
1796 3112 2129 3191 exemptus
2153 3112 2249 3173 est
2268 3110 2462 3185 locus,
2484 3126 2545 3172 n.
2567 3127 2627 3190 q.

439 3218 541 3283 111
589 3218 685 3297 18,
729 3219 771 3282 4
812 3216 916 3282 ubi
963 3216 1176 3300 agitur
1218 3217 1298 3283 de
1344 3216 1558 3297 mullo,
1601 3218 1730 3311 qui·
1753 3217 1817 3281 in
1860 3236 1973 3283 vas
2014 3217 2282 3283 vitreum
2312 3217 2631 3283 coniectus

436 3327 604 3391 inter
643 3325 850 3407 ipsam
891 3326 1286 3393 cenationem
1330 3326 1605 3393 animam
1646 3344 1841 3409 agens
1862 3344 2177 3393 summum
2198 3325 2630 3408 spectantibus
2707 3372 2710 3376 ι

439 3434 742 3517 gaudium
805 3433 1015 3501 adfert
1067 3434 1347 3521 colorum
1393 3433 1759 3501 variatione.
1847 3435 1913 3501 Is
1966 3440 2181 3500 autem
2232 3440 2335 3501 ubi
2386 3440 2633 3501 mnam

437 3550 648 3625 ubique
689 3550 970 3611 laudatus
1007 3553 1138 3623 θεὴ·
1155 3566 1226 3609 ex
1264 3550 1368 3609 illo
1399 3550 1711 3625 perlucido
1730 3550 1957 3609 vivario
1994 3549 2347 3610 emirabitur.
2426 3541 2527 3610 Sic
2574 3544 2629 3607 E

438 3652 829 3719 consentiens
853 3668 992 3717 cnm
1018 3652 1245 3719 ceteris
1267 3652 1445 3718 codd.
1468 3654 1535 3717 in
1559 3670 1709 3719 voce
1732 3660 2028 3727 laudatus,
2059 3651 2229 3719 solus
2264 3670 2414 3719 vero
2436 3652 2633 3718 habet

439 3767 674 3841 ubique,
737 3761 906 3841 quod
961 3759 1211 3827 defendi
1272 3760 1512 3841 nequit,
1575 3777 1963 3843 quamquam
2016 3760 2351 3829 Fickertus
2407 3762 2627 3828 tenuit.

435 3870 787 3951 Receptum
825 3870 1021 3953 igitur
1073 3869 1154 3935 ab
1217 3870 1360 3936 aliis
1413 3870 1763 3938 editoribus
1806 3890 1841 3937 e
1886 3871 2109 3939 ceteris
2164 3869 2341 3937 codd.
2396 3876 2627 3951 diuque,

303 4018 310 4023 -
363 4000 367 4004 ·
437 3979 608 4058 quod
650 3976 980 4045 ferendum
1013 3979 1281 4045 videtur.
1398 3980 1483 4045 At
1536 3979 1704 4062 quod
1748 3979 2029 4047 Haasius
2084 3978 2395 4061 probante
2437 3978 2513 4042 H.
2558 3977 2629 4043 G.

437 4086 728 4155 Michaeli
802 4088 1222 4155 coniecturam
1290 4086 1541 4154 Trilleri
1614 4094 1865 4155 hwtatus
1942 4106 2057 4172 pro
2137 4094 2416 4154 laudatus
2479 4084 2630 4152 scri-

436 4196 660 4278 bentiS,
703 4197 860 4265 satis
902 4202 1156 4265 acutam
1177 4216 1318 4267 eam
1346 4216 1462 4267 nec
1487 4203 1705 4267 tamen
1736 4199 2177 4281 necessariam,
2214 4196 2471 4280 recepit,
2503 4212 2627 4263 non
