3009 5000
1457 403 1559 466 ’61

1484 647 1561 710 Χ.

630 774 726 848 De
778 762 1138 856 anaphorae
1193 773 1398 856 figura
1459 792 1624 855 quae
1679 779 1940 840 vocatur
1980 775 2080 838 vel
2123 779 2197 838 ut
2234 773 2435 838 latino
2466 757 2617 838 'uta-

339 887 344 898 '
424 901 568 948 mur
612 875 918 949 {vocabulo
962 883 1039 949 de
1075 883 1452 964 repetitione
1497 901 1663 950 nunc
1705 882 1973 948 locuturi
2018 901 2263 962 sumuS,
2305 881 2616 962 siquidem

418 992 538 1076 hoc
579 992 706 1058 sub·
741 993 928 1059 titulo
969 1010 1132 1073 quae
1162 997 1462 1058 secuntur
1493 993 1783 1072 exempla
1812 977 2179 1073 componere
2220 991 2399 1057 nobis
2444 991 2610 1056 licet.

419 1100 496 1167 N.
542 1119 600 1182 q.
648 1102 746 1167 III
797 1102 975 1178 16,1
1019 1101 1214 1183 igitur
1263 1101 1424 1168 hanc
1465 1101 1622 1182 legis
1686 1102 2062 1166 sententiam
2108 1106 2209 1166 sed
2252 1122 2437 1180 quare
2488 1107 2615 1179 qm·-

421 1215 559 1276 dam
592 1210 788 1298 fontes
829 1217 985 1276 senis
1024 1217 1186 1276 horis
1215 1218 1382 1290 pleni
1412 1218 1682 1290 senisque
1722 1217 1859 1276 sicci
1900 1215 2078 1275 suut?
2152 1209 2483 1274 Adiectum
2514 1212 2615 1273 est

417 1341 528 1398 que
567 1318 838 1384 iteratae
879 1320 1014 1384 voci
1055 1326 1211 1384 senis
1237 1325 1497 1400 propter
1545 1319 1744 1401 ipsam
1775 1318 2229 1400 repetitionem.
2317 1317 2412 1381 Ea
2444 1307 2613 1382 enim

419 1431 519 1492 est
558 1428 653 1494 vis
694 1427 1047 1509 particulae
1091 1427 1258 1493 illius
1305 1433 1376 1493 ut
1417 1429 1647 1494 similia
1684 1427 2043 1508 coniungat.
2132 1424 2263 1492 Nec
2304 1429 2404 1491 est
2443 1424 2613 1508 quod

420 1535 574 1601 mihi
615 1537 848 1604 obicias
890 1539 1266 1619 scriptorem
1312 1515 1483 1617 loqui
1545 1536 1623 1602 de
1675 1536 1922 1603 diverso
1964 1532 2233 1601 fontium
2278 1539 2474 1614 statu,
2531 1534 2611 1598 si-

419 1646 586 1712 milis
627 1627 794 1712 enim
839 1645 945 1712 vel
979 1646 1194 1727 potius
1254 1667 1375 1730 par
1429 1648 1594 1730 aiter
1644 1648 1832 1712 alteri
1886 1648 1987 1712 est
2030 1643 2339 1726 temporis
2384 1643 2609 1726 spatio.

414 1755 714 1820 Attamen
769 1755 887 1820 hoc
951 1755 1086 1821 loco
1148 1773 1274 1821 non
1314 1757 1380 1821 in
1433 1756 1693 1821 arbitrio
1748 1754 2071 1836 scriptoris
2127 1753 2402 1835 positum
2445 1756 2607 1828 erat,

415 1870 634 1930 utrum
665 1862 1039 1929 vocabulum
1077 1867 1396 1945 repeteret
1423 1881 1638 1943 necne,
1666 1864 1805 1945 ipsa
1832 1881 1935 1929 res
1969 1864 2277 1944 poposcit.
2363 1859 2605 1928 Eadem

413 1989 560 2037 vero
603 1963 944 2038 necessitas
1002 1973 1171 2054 parti
1213 1990 1430 2038 eorum
1490 1971 1918 2053 exemplorum
1962 1971 2161 2050 abest,
2204 1987 2368 2050 quae
2410 1987 2605 2051 supra

415 2080 481 2146 in
529 2085 868 2163 conspectu
895 2082 1239 2162 posuimus,
1282 2082 1390 2147 ubi
1431 2082 1508 2146 de
1537 2079 2011 2162 pronominibus
2053 2080 2448 2163 disputatum
2486 2081 2603 2146 est.

415 2189 700 2256 Vidimus
741 2190 866 2256 illic
909 2191 972 2255 in
1020 2190 1395 2271 repetitione
1436 2189 1822 2272 pronominis
1867 2188 2114 2254 relativi
2158 2211 2268 2269 que
2308 2189 2603 2271 positum,

417 2302 612 2398 atque
650 2300 718 2364 in
751 2300 1038 2382 exemplo
1081 2298 1248 2380 quod
1277 2304 1488 2366 exstat
1533 2317 1594 2364 n.
1639 2316 1699 2378 q.
1744 2297 1834 2362 VI
1883 2299 1937 2382 1,
1984 2299 2063 2363 10
2103 2307 2247 2364 istos
2287 2305 2393 2378 qui
2430 2297 2605 2364 'Gam-

405 2416 630 2487 paniae
651 2416 1136 2474 renuntiaverunt
1157 2415 1372 2488 quique
1382 2417 1519 2488 post
1550 2415 1706 2474 huuc
1733 2430 1930 2473 cassem
1952 2414 2383 2487 entim-averunt
2406 2406 2467 2486 ii,
2494 2407 2602 2488 qui

413 2517 851 2599 migrationem
918 2515 1180 2599 faciunt,
1241 2536 1310 2583 re
1353 2517 1605 2597 quidem
1666 2517 1853 2582 iidem
1902 2523 2052 2583 sunt
2112 2523 2306 2597 atque
2360 2516 2454 2581 illi
2494 2518 2602 2601 qui

421 2626 805 2707 Campaniae
849 2628 1234 2707 renuntiant,
1279 2626 1473 2693 verba
1516 2634 1732 2693 autem
1775 2628 1867 2692 ita
1907 2628 2276 2708 comparata
2318 2631 2486 2711 sunt,
2528 2631 2601 2692 ut

413 2734 600 2801 facile
650 2736 870 2803 credas
933 2736 1010 2801 de
1075 2737 1339 2803 diversis
1400 2736 1757 2815 hominibus
1818 2736 2188 2818 scriptorem
2247 2734 2439 2816 loqui.
2525 2734 2600 2800 In

409 2845 577 2910 hunc
618 2850 832 2910 autem
891 2862 1166 2910 errorem
1229 2846 1563 2924 quominus
1621 2844 1967 2911 incidamus
2025 2844 2434 2926 prohibemur
2489 2866 2601 2925 que

407 2954 740 3035 particula,
775 2971 918 3034 qua
947 2953 1147 3019 artior
1189 2952 1460 3019 efficitur
1485 2955 1943 3019 sententiarum
1986 2954 2322 3036 copulatio.
2387 2956 2598 3035 Atque

407 3062 596 3127 huius
639 3068 826 3128 notae
855 3063 1144 3145 exempla
1189 3064 1357 3145 apud
1401 3063 1723 3141 Senecam,
1775 3081 1916 3128 cum
1945 3081 2068 3128 non
2109 3064 2163 3128 is
2209 3062 2291 3133 sit
2334 3062 2603 3144 scriptor

408 3170 530 3255 qui·
558 3170 888 3238 brevitatis
933 3190 1147 3237 curam
1191 3177 1361 3253 agat,
1405 3172 1592 3253 plura
1631 3172 1926 3238 invenies.
2014 3172 2343 3238 Interdum
2384 3176 2600 3238 autem

412 3278 776 3345 diversitate
816 3280 1149 3347 verborum
1207 3298 1242 3344 e
1297 3280 1524 3360 quibus
1568 3280 1821 3363 singula
1862 3282 2145 3346 membra
2188 3281 2463 3362 pendent
2499 3299 2600 3345 re-

405 3391 623 3471 petere
663 3388 914 3469 cogitur
957 3387 1228 3470 scriptor
1280 3388 1410 3453 sive
1465 3389 1727 3455 eandem
1786 3389 1917 3455 sive
1978 3388 2170 3454 aliam
2212 3388 2598 3471 pronominis

405 3495 692 3577 formam,
736 3503 810 3562 ut
849 3504 1018 3562 cuius
1057 3504 1180 3563 iam
1221 3519 1323 3563 res
1364 3504 1648 3578 ayebatur
1692 3504 1971 3578 cuiusque
2024 3505 2277 3565 maoeime
2310 3504 2597 3563 intererat

405 3606 490 3671 di.
537 3606 623 3671 VI
674 3606 771 3686 15,
815 3608 854 3671 2
904 3612 1018 3671 aut
1059 3613 1162 3688 qui
1195 3612 1385 3672 colant
1423 3613 1744 3687 quibusque
1782 3630 1899 3673 uon
1931 3614 2167 3687 placeat
2200 3607 2261 3672 d.
2305 3606 2363 3672 b.
2406 3606 2510 3671 Iv-
2538 3607 2596 3686 1,

407 3716 466 3780 2.
579 3714 670 3781 Ut
711 3716 776 3780 in
809 3715 908 3781 his
950 3716 1294 3783 enuntiatis
1336 3717 1593 3795 utrique
1636 3716 1915 3781 membro
1960 3733 2146 3781 suum
2190 3720 2287 3783 est
2328 3715 2593 3781 verbum

403 3822 670 3904 finitum,
715 3824 807 3889 ita
851 3824 1044 3890 etiam
1089 3826 1154 3890 in
1201 3825 1296 3889 his
1339 3843 1501 3906 quae
1546 3830 1847 3890 secuntur
1890 3825 2229 3905 exemplis:

543 3938 1094 4005 quantus-quantum.
1132 3933 1206 3989 di.
1245 3933 1348 4003 12,
1385 3935 1436 3989 4.
1473 3934 1547 3989 di.
1569 3933 1618 3989 V
1657 3936 1708 3998 3,
1734 3935 1785 3988 2.
1860 3932 2215 4003 quodquodq.
2258 3933 2333 3990 di.
2371 3932 2423 3987 Π
2461 3934 2508 4003 1,
2538 3935 2593 3988 3.

543 4029 620 4083 di.
658 4029 737 4085 111
769 4031 859 4095 20,
897 4030 948 4084 8.
989 4030 1064 4084 di.
1103 4028 1206 4084 VII
1247 4032 1294 4099 1,
1327 4032 1389 4085 3‚,
1452 4035 1977 4099 quantus-quautam
2014 4030 2089 4084 di.
2124 4028 2227 4084 VII
2268 4031 2317 4098 1,
2359 4031 2406 4084 1.
2468 4034 2592 4085 tan·

543 4131 866 4196 tua-tantoq.
905 4144 961 4180 ιι.
1008 4143 1060 4195 q.
1098 4124 1180 4179 111
1237 4128 1320 4195 18,
1365 4128 1416 4180 3.
1512 4130 2012 4195 quam-quantumq.
2057 4144 2113 4180 n.
2164 4142 2216 4194 q.
2266 4124 2343 4183 VI
2397 4126 2484 4196 32,
2542 4128 2591 4179 3.
2628 4100 2659 4123 Ι

545 4228 1030 4293 quanto-quantam
1067 4222 1124 4276 d.
1157 4222 1212 4277 b.
1248 4222 1276 4275 I
1316 4223 1398 4291 15,
1437 4223 1486 4275 4.
1528 4221 1581 4275 d.
1617 4221 1683 4275 el.
1720 4222 1746 4275 1
1767 4222 1819 4290 5,
1856 4222 1906 4276 2.
1943 4220 2379 4293 qualis—qualisq.
2415 4222 2489 4276 di.
2508 4221 2589 4275 XI

494 4318 497 4322 ’
548 4321 630 4389 18,
665 4320 716 4373 8.
789 4333 1184 4389 quam-quamq.
1223 4317 1276 4371 d.
1311 4318 1364 4372 b.
1398 4317 1447 4373 V
1485 4317 1570 4387 1⁷,
1610 4317 1658 4371 1.
1684 4316 1758 4371 di.
1794 4317 1843 4373 V
1880 4317 1969 4387 30,
1996 4318 2047 4372 2.
2072 4336 2127 4372 n.
2163 4336 2215 4388 q.
2252 4318 2329 4375 IV
2364 4336 2447 4389 pr.
2486 4320 2583 4375 22.

540 4416 658 4473 alia
687 4415 916 4483 fortuna
950 4415 1161 4485 aliterq.
1199 4414 1468 4491 mirabilia
1499 4412 1577 4469 di.
1614 4413 1691 4471 VI
1734 4415 1821 4483 18,
1856 4413 1908 4469 4.
