3009 5000
1478 385 1562 464 36

429 583 687 674 tinetur,
731 592 935 660 multo
977 597 1192 662 tamen
1241 597 1476 661 maiore
1519 613 1675 662 cura
1718 596 2129 677 compositum
2152 593 2423 662 videtur.
2488 595 2645 662 De-.

424 703 776 784 prehendes
819 703 886 769 in
929 702 1047 771 hoc
1086 722 1273 785 opere
1315 723 1397 770 ex
1440 709 1625 785 parte
1666 708 1917 770 tantum
1964 708 2217 770 servato

617 812 876 878 noviens
918 837 1027 893 que
1069 813 1101 877 I
1147 815 1202 892 1,
1250 815 1308 878 6.
1405 815 1460 892 1,
1507 815 1567 879 9.
1642 816 1700 894 5,
1745 816 1805 881 4.
1880 815 1936 892 ’7,
1982 816 2041 879 2.
2127 816 2225 894 11,
2270 817 2329 879 3.
2410 815 2508 893 17,
2552 816 2616 879 2.

876 974 880 978 .
1061 921 1158 1001 19,
1207 922 1263 987 1.
1336 923 1435 1002 26,
1482 923 1541 988 5.
1605 921 1669 986 11
1714 922 1773 997 5,
1814 923 1875 1002 3,

617 1029 713 1096 bis
925 1039 980 1096 et
1063 1031 1096 1095 I
1147 1032 1243 1110 16,
1290 1031 1352 1096 4.
1418 1031 1482 1096 11
1527 1033 1585 1112 5,
1626 1034 1685 1097 3.

616 1139 815 1222 semel⁸
905 1161 976 1204 ac
1062 1139 1112 1219 Ι,
1161 1141 1257 1220 13,
1306 1142 1363 1204 2.

613 1245 956 1313 Praeterea
997 1246 1164 1328 quod
1207 1247 1286 1313 de
1327 1271 1398 1313 ac
1435 1248 1566 1313 dixi
1609 1246 1961 1314 adhibitum
2004 1248 2069 1313 id
2119 1267 2255 1316 esse
2298 1247 2407 1314 ubi
2448 1267 2615 1315 unus

418 1356 622 1422 solum
667 1354 1090 1437 superlativus
1131 1355 1418 1437 adparet,
1465 1355 1528 1420 id
1570 1357 1632 1421 in
1674 1357 1793 1422 hac
1835 1359 2081 1424 ratione
2122 1358 2323 1424 multo
2374 1358 2611 1424 certius

419 1465 496 1531 de
537 1487 647 1544 que
689 1462 1008 1530 adfirmari
1059 1463 1220 1542 licet,
1269 1465 1437 1544 quod
1477 1482 1620 1528 cum
1663 1465 1725 1530 in
1760 1465 2171 1546 comparativi
2214 1471 2407 1549 atque
2445 1468 2613 1548 posi·

415 1572 531 1638 tivi
575 1573 813 1654 gradus
851 1571 1283 1638 coniunctione
1329 1575 1467 1637 tum
1530 1573 1594 1638 in
1644 1573 2111 1640 continuatione
2153 1575 2461 1642 orationis
2499 1594 2617 1657 per

414 1683 914 1764 comparativam
955 1679 1224 1747 formam
1268 1681 1438 1748 facta
1467 1682 1948 1764 praeponderat.
2034 1681 2323 1766 Triginta
2366 1685 2615 1750 circiter

418 1792 574 1858 locis
616 1793 706 1858 sic
746 1815 860 1872 que
893 1795 1271 1872 usurpatum
1314 1797 1430 1868 est,
1477 1809 1621 1856 raro
1666 1815 1755 1858 ac.
1858 1795 2070 1873 Atque
2112 1793 2435 1876 complura
2474 1793 2615 1875 qui·

418 1901 563 1967 dem
603 1901 795 1967 huius
851 1902 1102 1984 generis
1159 1902 1450 1983 exempla
1503 1919 1854 1984 proponam
1903 1902 2008 1968 ubi
2052 1905 2133 1970 de
2174 1903 2615 1970 adverbiorum

421 2011 667 2076 ratione
708 2010 1078 2077 disseretur.
1185 2011 1303 2076 Hic
1345 1989 1563 2076 tamen
1614 2031 1691 2076 ne
1733 2013 1919 2093 plane
1964 2012 2332 2079 testimonia
2370 2012 2611 2080 deside-

422 2122 663 2198 rentur,
709 2120 766 2184 ei
807 2120 929 2185 loci
969 2120 1031 2183 in
1058 2118 1334 2184 medium
1375 2121 1685 2200 prodeant
1735 2121 1842 2200 qui
1884 2124 2383 2204 comparativum
2417 2129 2607 2188 maior

422 2227 798 2293 ostendunt:
841 2246 941 2308 ep.
991 2229 1090 2304 77,
1133 2230 1190 2292 2.
1259 2246 1356 2310 ep.
1410 2229 1549 2308 120,
1593 2229 1653 2294 6.
1718 2228 1799 2294 di.
1840 2229 1905 2294 11
1950 2212 2152 2310 12,‘2.
2216 2229 2296 2295 di.
2343 2230 2467 2295 vn
2510 2230 2613 2310 26,

424 2341 486 2404 2.
549 2337 608 2403 d.
649 2337 710 2403 b.
755 2337 847 2402 VI
891 2338 991 2417 23,
1040 2340 1099 2403 4.
1162 2356 1285 2402 non
1330 2338 1535 2402 inveni
1574 2361 1663 2404 ac.
1720 2338 2136 2419 comparativi
2154 2345 2300 2418 plus
2326 2338 2615 2420 exempla

419 2452 572 2514 sunt
613 2438 799 2515 haec:
835 2448 918 2513 di.
959 2446 1019 2512 X
1065 2449 1123 2528 4,
1169 2448 1226 2513 6.
1273 2465 1333 2512 n.
1365 2464 1424 2529 q.
1459 2445 1549 2512 VI
1595 2447 1695 2526 20,
1742 2447 1800 2512 5.
1838 2446 1897 2512 d.
1941 2447 2017 2513 cl.
2063 2447 2096 2512 I
2138 2447 2237 2527 21,
2280 2449 2339 2513 2.
2384 2470 2456 2514 ac
2474 2453 2615 2529 plu·

419 2563 580 2623 rium
619 2555 700 2621 di.
748 2556 872 2623 VH
921 2557 1017 2636 14,
1063 2558 1122 2621 2.
1180 2583 1189 2591 -

617 2665 905 2739 Tertium
951 2665 1220 2745 denique
1261 2682 1460 2745 genus
1505 2662 1933 2746 exemplorum
1978 2682 2102 2745 quo
2160 2665 2459 2731 docemur
2500 2688 2624 2745 quc⁴

417 2775 654 2842 artiore
698 2774 948 2841 vinculo
981 2793 1120 2840 cum
1160 2773 1587 2856 comparativo
1626 2774 1831 2853 gradu
1868 2772 2265 2838 coniunctum
2293 2792 2449 2853 esse,
2494 2774 2609 2839 ibi·

419 2883 562 2951 dem
606 2883 714 2950 ubi
763 2882 840 2949 de
889 2882 1200 2949 adverbiis
1247 2898 1434 2963 agam
1478 2881 1773 2961 invenieS,
1818 2881 2047 2963 quippe
2101 2881 2250 2962 quia
2294 2882 2415 2949 illis
2457 2882 2613 2948 locis

423 3018 534 3075 que
574 3011 699 3060 non
743 2993 823 3057 ad
866 2992 1076 3073 ipsum
1119 2991 1616 3071 comparativum
1662 2988 2015 3071 adligatum
2058 2995 2175 3069 est,
2222 2989 2333 3055 sed
2376 2989 2457 3055 ad
2502 2990 2611 3056 ad-

421 3102 637 3169 verbia
681 3119 848 3184 quae
893 3100 974 3168 ad
1003 3098 1422 3166 definiendam
1453 3100 1585 3164 vim
1614 3098 2186 3181 comparativorum
2212 3098 2611 3180 adhibentur,

423 3218 606 3278 multo
648 3212 787 3280 dico
831 3215 898 3278 et
938 3220 1154 3291 quanto
1197 3215 1266 3275 ct
1307 3218 1469 3275 tanto
1510 3214 1577 3275 et
1614 3232 1726 3288 quo
1770 3213 1836 3272 et
1876 3230 1960 3273 eo.

1482 3492 1569 3559 V.

619 3652 1073 3736 Progrediatur
1116 3649 1463 3734 disputatio
1516 3654 1737 3717 nostra
1775 3651 1856 3717 ad
1908 3650 2384 3719 describendum
2426 3670 2609 3717 usum

423 3779 610 3843 quem
655 3762 716 3827 in
774 3760 1188 3845 adiungendis
1231 3760 1701 3843 pronominibus
1751 3778 1864 3842 per
1918 3781 2028 3841 que
2067 3764 2133 3826 et
2192 3769 2363 3840 atque
2411 3760 2611 3840 parti·

423 3873 600 3938 culas
641 3870 1074 3938 observaverit
1115 3868 1372 3937 Seneca.
1471 3868 1568 3936 Ac
1608 3869 1935 3935 rarissime·
1966 3869 2217 3949 quidem
2262 3864 2612 3951 usurpatur

277 4046 284 4053 .
423 3990 609 4063 atque.

619 4112 776 4157 unus
809 4098 1019 4170 atque
1056 4094 1210 4155 idem
1250 4105 1348 4170 ep.
1396 4088 1537 4164 110,
1585 4088 1683 4153 13.
1730 4105 1825 4169 ep.
1867 4086 2004 4166 117,
2050 4087 2107 4153 8.
2148 4087 2209 4153 (1.
2250 4086 2310 4154 b.
2353 4086 2407 4153 V
2458 4087 2517 4167 8,
2548 4088 2609 4151 3.

619 4205 777 4265 idem
818 4204 964 4265 velle
999 4207 1208 4279 atque
1250 4205 1404 4263 idem
1442 4202 1600 4262 nolle
1638 4214 1735 4278 ep.
1777 4196 1876 4275 20,
1926 4196 1985 4262 5.
2050 4214 2147 4277 ep.
2196 4196 2335 4277 109,
2382 4196 2479 4259 16.

621 4315 828 4387 atque
866 4314 994 4387 ipse
1035 4305 1096 4372 d.
1139 4304 1200 4372 b.
1244 4305 1342 4371 ΠΙ
1385 4305 1485 4385 27,
1541 4305 1599 4369 1.

625 4421 765 4481 haec
785 4425 994 4495 atque
1036 4421 1318 4480 eiusmodi
1343 4432 1439 4495 ep.
1461 4414 1564 4495 91,
1590 4414 1688 4479 13.
1714 4430 1808 4493 ep.
1836 4413 1973 4491 108,
2006 4413 2101 4478 12.
2143 4407 2202 4477 d.
2229 4412 2289 4477 b.
2314 4412 2380 4476 Π
2408 4412 2508 4496 25,
2544 4413 2602 4478 1.
