3009 5000
1502 376 1585 444 58

461 583 550 642 tia
597 601 792 644 onmes
831 584 986 643 idem
1023 589 1284 658 sperant.
1357 578 1444 645 At
1485 583 1781 645 accurate
1807 579 2109 661 cogitanti
2136 584 2219 645 .et
2266 579 2346 644 ad
2388 597 2641 646 severas

461 685 794 768 eloquendi
836 686 1007 770 leges
1075 707 1144 753 se
1203 686 1623 769 adstringenti
1684 695 1914 754 maiora
1952 696 2249 755 minorave
2311 687 2639 754 dicendum

457 799 614 860 erat.
705 795 994 862 Alterum
1043 795 1399 878 exemplum
1443 796 1718 878 praebeo
1763 814 1863 879 ep.
1904 797 2004 876 89,
2053 798 2129 862 15
2164 807 2301 863 tune
2341 819 2479 880 erqo
2520 805 2645 863 vita

455 923 692 969 concors
753 911 868 969 sibi
927 913 1031 986 est,
1085 911 1186 970 ubi
1243 912 1398 971 aetio
1451 929 1571 970 uon
1624 911 1889 972 destituit
1936 913 2212 993 inpetum²
2272 913 2507 984 inpetus
2570 928 2643 970 ese

452 1019 740 1094 dignitate
807 1021 1082 1094 cuiusque
1139 1021 1231 1078 rei
1297 1021 1636 1093 concipitur,
1689 1021 1944 1094 proinde
2006 1022 2287 1080 remissus
2337 1022 2645 1094 acriorque

448 1132 630 1202 prout
677 1129 784 1188 illa
823 1129 1008 1204 diyna
1063 1131 1146 1202 est
1203 1129 1343 1201 peti.
1451 1121 1665 1202 Atque
1730 1122 2011 1189 eiusdem
2068 1123 2443 1190 condicionis
2496 1127 2647 1188 sunt

450 1236 763 1310 mpliores
792 1239 1150 1312 minoresque
1173 1240 1353 1310 prout
1395 1231 1474 1298 di.
1526 1231 1560 1297 I
1592 1232 1645 1305 1,
1694 1234 1751 1297 4.
1808 1239 2085 1298 remissae
2126 1238 2435 1312 claraeque
2458 1241 2647 1313 prout

451 1357 510 1404 n.
555 1357 616 1420 q.
661 1340 726 1405 II
765 1341 824 1422 6,
868 1342 926 1405 3.
968 1363 1072 1406 uec
1112 1347 1430 1406 remittitur
1468 1347 1867 1422 imitaturque
1898 1351 2083 1421 prout
2125 1360 2184 1409 n.
2226 1358 2286 1422 q.
2318 1342 2410 1407 IV
2451 1342 2646 1417 2,·23.

450 1447 591 1514 Huc
631 1448 947 1530 pertinere
1010 1454 1342 1532 praeterea
1406 1449 1660 1516 videtur
1702 1450 1786 1517 di.
1850 1451 1950 1517 III
1992 1451 2052 1532 9,
2102 1452 2135 1515 1
2200 1469 2386 1532 quem
2430 1451 2639 1517 locum

453 1575 554 1623 me
596 1557 788 1624 invito
830 1576 1034 1642 nuper
1073 1559 1345 1625 mutavit
1387 1557 1683 1626 Gertzius
1725 1559 2025 1641 Madvigii
2068 1559 2324 1626 adiutus
2366 1558 2645 1626 consilio,

451 1666 662 1732 Verba
693 1665 966 1734 Senecae
1009 1673 1156 1734 sunt
1179 1668 1338 1734 haec
1377 1676 1644 1748 quotiens
1672 1677 1872 1750 inpetu
1913 1691 2061 1748 opus
2102 1679 2188 1734 est
2224 1691 2343 1734 uon
2362 1675 2645 1734 irasevitur

453 1774 728 1860 (virtus),
749 1782 858 1842 sed
898 1785 1167 1859 exsurqit
1193 1788 1250 1844 et
1273 1785 1340 1843 iu
1377 1787 1663 1858 quantum
1699 1787 1931 1858 putavit
1978 1801 2125 1858 opus
2154 1801 2277 1845 esse
2317 1785 2644 1844 concitatur

449 1892 902 1966 remittitur-que,
959 1909 1080 1952 uon
1099 1893 1289 1953 ,aliter
1329 1911 1504 1968 quam
1544 1911 1693 1969 quae
1732 1895 2031 1954 tormentis
2074 1895 2485 1968 eoeprionuntur
2528 1893 2649 1952 tela

449 2002 517 2059 iu
543 2003 827 2072 potestate
868 2003 1152 2062 mittentis
1191 2005 1332 2062 suut
1371 2003 1438 2062 in
1482 2007 1767 2078 quantum
1816 2006 2212 2078 torqueantur.
2320 1993 2643 2062 Obsecun-

451 2102 562 2167 des
603 2102 854 2184 quidem
897 2105 1100 2186 primo
1153 2105 1462 2187 adspectu
1503 2105 1861 2173 sententiae
1912 2103 2151 2171 Gertzii
2188 2103 2494 2170 'mirantis
2544 2102 2649 2170 hie
2744 2151 2752 2165 .

458 2211 537 2277 de
577 2211 945 2280 remissione
980 2212 1236 2280 virtutis
1259 2214 1640 2281 mentionem
1682 2214 1841 2296 fieri,·
1880 2221 2093 2282 tamen
2136 2213 2499 2294 diligentius
2538 2231 2645 2278 ex-

455 2321 651 2387 cussis
707 2321 911 2388 verbis
967 2321 1124 2388 nihil
1165 2323 1233 2388 in
1275 2341 1399 2404 quo
1449 2322 1729 2390 offendas
1768 2324 2101 2390 inveneris.
2207 2320 2373 2388 Nam
2428 2321 2646 2388 eodem
2753 2387 2763 2398 ,

454 2428 637 2496 modo
680 2429 758 2495 de
799 2429 1040 2498 maiore
1083 2430 1183 2499 vel
1243 2431 1484 2500 minore
1526 2433 1772 2514 impetu
1818 2431 2103 2515 quamvis
2162 2450 2287 2499 non
2331 2429 2649 2512 expressis

456 2540 665 2606 verbis
708 2540 948 2607 dictum
985 2545 1085 2608 est
1124 2541 1190 2607 in
1233 2539 1421 2608 simili
1460 2540 1573 2605 illo
1618 2541 1697 2607 de
1738 2541 1964 2607 iaculis
2006 2544 2279 2621 sumpte,
2321 2557 2486 2621 quae
2527 2557 2647 2621 pro

455 2647 716 2715 arbitrio
748 2649 966 2717 militis
995 2649 1254 2715 remisse
1294 2652 1467 2715 torta
1507 2650 1573 2714 in
1614 2650 1813 2715 vicino
1857 2649 2168 2729 decidunt,
2214 2649 2421 2715 acrius
2450 2647 2649 2715 missa

454 2763 704 2825 remota
727 2760 972 2842 petunt.
1059 2759 1276 2837 Ipsum
1303 2758 1530 2825 deinde
1572 2759 1833 2826 verbum
1876 2777 1917 2825 a
1936 2757 2192 2825 Gertzio
2228 2756 2646 2843 substitutum

456 2874 804 2955 enititurque
867 2867 1183 2951 displicet,
1241 2867 1408 2949 quod
1459 2868 1722 2951 languet
1774 2872 1919 2950 post
1967 2874 2290 2934 concitatur
2354 2870 2421 2933 et
2472 2864 2641 2946 quod
2761 2891 2765 2895 ·

455 2973 548 3040 ita
587 2971 790 3041 virtus
835 2974 1068 3042 dicitur
1109 2979 1439 3058 tamquam
1480 2993 1715 3059 magno
1756 2975 1974 3042 labore
2011 2992 2372 3061 exsurgere.

655 3083 893 3151 Eodem
956 3084 1140 3151 modo
1183 3084 1498 3166 particula
1538 3107 1608 3150 ae
1649 3089 1962 3166 usurpata
2013 3083 2246 3167 legitur
2294 3101 2355 3150 n.
2410 3101 2469 3165 q.
2523 3080 2645 3147 VII

461 3192 565 3272 23,
608 3194 647 3256 2
667 3201 862 3258 utiuor
889 3201 1039 3259 euim
1055 3203 1201 3259 esset
1233 3216 1311 3259 ae
1353 3200 1543 3259 maior
1560 3203 1747 3273 prout
1771 3200 2011 3273 plenius
2050 3193 2311 3259 aleretur
2340 3215 2411 3259 ac
2436 3198 2644 3273 maliq-

453 3306 594 3365 πίω
627 3299 820 3381 ignis:
879 3323 950 3366 ae
989 3308 1310 3383 maliqwius
1362 3318 1478 3367 nos
1530 3320 1565 3367 e
1631 3300 1838 3366 codice
1879 3299 1935 3364 E
1996 3300 2378 3382 sumpsimus
2429 3298 2645 3367 invitis

455 3407 748 3475 Fickerto
798 3413 863 3474 et
924 3409 1176 3489 Haasi0,
1225 3402 1333 3492 qui
1398 3426 1541 3475 cum
1603 3409 1658 3474 B
1721 3419 1827 3475 aut
1855 3414 2172 3491 menenius
2235 3410 2643 3491 scripserunt.

458 3514 581 3582 Sed
622 3540 694 3583 ae
732 3518 899 3599 quod
941 3518 1007 3582 in
1055 3518 1160 3583 illo
1206 3518 1692 3601 comparationis
1736 3518 2026 3601 membro·
2053 3519 2188 3583 sine
2226 3517 2362 3583 ulla
2404 3514 2643 3584 offensa
2740 3602 2745 3605 Ι

454 3629 572 3703 est,
615 3643 727 3692 cur
769 3626 847 3692 ab
895 3625 1018 3693 hoc
1044 3628 1455 3710 relegandum
1497 3645 1864 3694 censeamus
1907 3646 2031 3693 non
2062 3628 2261 3694 video.
2346 3625 2639 3692 Alterum

455 3738 671 3801 autem
713 3736 1067 3817 exemplum
1112 3755 1236 3801 non
1276 3738 1528 3819 legitur,
1583 3738 1841 3820 qualem
1899 3754 2063 3803 nunc
2113 3736 2366 3819 quidem
2403 3736 2468 3800 in
2509 3752 2643 3800 ma-

454 3843 635 3910 nibus
678 3844 984 3911 habemus
1043 3846 1393 3926 Annaeum,
1459 3844 1925 3913 restituendum
1978 3863 2125 3911 vero
2167 3845 2421 3911 videtur
2476 3862 2538 3909 n.
2580 3862 2641 3927 q.

456 3952 515 4018 V
558 3953 616 4031 8,
661 3955 719 4037 3,
763 3956 870 4033 qui
912 3954 1088 4021 locus
1140 3956 1633 4035 interpretaturo
1676 3960 1743 4020 et
1784 3954 2196 4020 emendaturo
2253 3953 2491 4019 multas
2534 3970 2644 4018 ex-

455 4060 632 4129 hibet
669 4061 1104 4147 difficultateS,
1147 4080 1312 4144 quae
1349 4082 1567 4129 omnes
1608 4062 1743 4128 fore
1782 4066 1858 4128 ut
1904 4061 2325 4144 expediantur
2364 4060 2497 4129 fere
2539 4060 2643 4127 de·

455 4188 656 4251 spero.
758 4172 988 4253 Agitur
1039 4189 1192 4254 ergo
1260 4169 1378 4237 hoc
1439 4172 1577 4238 loco
1650 4170 1729 4235 de
1794 4171 2027 4250 ventiS,
2096 4170 2204 4252 qui
2280 4188 2321 4233 a
2384 4167 2643 4237 Graecis

457 4272 792 4363 ἐγκόλπιαι
843 4285 1166 4359 vocantur,
1219 4280 1328 4363 qui
1381 4287 1437 4345 si
1497 4286 1868 4345 violentiores
1907 4285 2144 4356 flavere,
2192 4282 2353 4345 eirca
2390 4284 2645 4345 maim

457 4399 650 4459 tamem
687 4396 840 4461 diem
879 4396 1330 4473 relauquescimt
1367 4412 1472 4456 πω
1495 4411 1745 4469 usquam
1780 4388 1899 4468 (sic
1945 4389 2020 4470 E,
2059 4388 2109 4453 B
2131 4386 2417 4471 mquam)
2459 4410 2645 4469 usque
