3009 5000
1516 389 1601 454 62

664 583 984 666 Sequatur
1025 585 1088 652 id
1131 603 1330 667 genus
1373 604 1501 669 quo
1546 587 1857 671 imprimis
1899 585 2000 652 hic
2043 609 2153 668 que
2194 586 2457 670 copulae
2498 605 2651 655 usus

463 691 841 758 inlustratur
895 693 1190 776 quodque
1239 713 1383 761 cum
1437 696 1716 762 oratoria
1772 695 2019 762 dicendi
2072 696 2320 780 ratione
2377 698 2652 764 maxime

464 801 771 868 convenit.
858 802 950 868 Ut
1008 804 1174 870 enim
1221 806 1460 872 maiore
1506 807 1570 871 vi
1621 806 2067 890 pronuntietur
2121 805 2452 884 sententia,
2513 803 2651 873 fieri

461 907 624 975 solet
668 913 744 977 ut
808 909 1186 977 adiectivum
1235 912 1491 993 aliquod
1554 919 1668 979 aut
1730 911 2097 980 adverbium
2163 917 2279 980 aut
2340 913 2467 978 alia
2524 931 2648 980 vox

459 1033 624 1098 quae
667 1018 884 1086 eodem
930 1021 1067 1086 iure
1109 1020 1191 1088 ad
1235 1020 1361 1089 duo
1401 1021 1711 1089 voeabula
1751 1023 2085 1104 pertineat,
2130 1022 2384 1103 utrique
2425 1023 2649 1105 detur;

458 1128 627 1208 quod
657 1128 1000 1195 inlustrant
1038 1128 1106 1195 hi
1136 1129 1330 1197 variis
1359 1131 1560 1198 modis
1602 1131 1754 1198 loci:

605 1263 958 1319 Geminatum
1014 1264 1348 1321 adieetivum
1405 1266 1579 1321 omnis
1632 1267 1773 1336 legis
1798 1265 1967 1321 ‘locis
2030 1266 2148 1321 his:
2202 1265 2451 1321 omnibus
2510 1265 2647 1322 locis

603 1360 902 1432 omnibu-eq.
957 1362 1240 1416 ”tementis
1279 1379 1364 1432 ep.
1422 1363 1511 1431 30,
1563 1363 1643 1417 16.
1698 1360 1775 1417 di.
1827 1362 1905 1416 VI
1964 1363 2015 1432 7,
2064 1364 2117 1417 4.
2174 1361 2247 1417 di.
2308 1361 2391 1416 IX
2448 1363 2534 1428 17,
2592 1363 2646 1418 6.

603 1457 679 1512 di.
729 1457 809 1512 XI
868 1459 954 1528 16,
1013 1458 1063 1511 5.
1127 1457 1202 1513 di.
1261 1457 1368 1511 XII
1423 1457 1511 1524 11,
1563 1462 1616 1514 7.
1671 1475 1725 1513 n.
1776 1476 1830 1528 q.
1885 1457 1941 1512 11
2002 1457 2087 1525 59,
2141 1462 2193 1512 2.
2248 1475 2299 1513 n.
2353 1476 2406 1528 q.
2464 1457 2541 1513 1v
2594 1459 2651 1526 2,

597 1555 686 1609 27.
941 1554 1312 1625 circa-circaq.
1360 1553 1414 1610 d.
1461 1555 1530 1610 el.
1563 1553 1619 1608 11
1655 1556 1708 1622 4,
1744 1557 1797 1610 4.
2073 1553 2645 1627 deposito-depositoq.

598 1649 674 1707 di.
708 1649 842 1706 VIII
877 1652 929 1715 7,
969 1653 1019 1706 1.
1195 1665 1592 1721 quam-quamq.
1636 1651 1690 1706 d.
1725 1652 1781 1706 b.
1816 1650 1896 1706 111
1933 1653 2021 1721 38,
2058 1653 2110 1706 2.
2216 1656 2521 1724 tam-tama.
2558 1667 2645 1722 ep.

598 1747 686 1815 98,
726 1747 807 1802 10.
1108 1763 1298 1816 eo-eoq.
1333 1747 1388 1802 d.
1433 1748 1486 1803 b.
1536 1747 1617 1802 111
1667 1749 1749 1817 19,
1783 1748 1835 1804 4.
2028 1747 2461 1818 eadent-eadam.
2500 1747 2557 1804 d.
2592 1747 2648 1804 b.

595 1842 679 1900 111
715 1844 802 1912 28,
841 1845 890 1898 1.
995 1848 1236 1913 quantas
1278 1843 1422 1899 vires
1473 1859 1689 1914 quamq.
1731 1845 1975 1914 intemas
2010 1843 2086 1899 di.
2120 1843 2169 1902 V
2218 1846 2267 1916 1,
2306 1847 2355 1899 1.
2530 1849 2646 1904 tam

596 1941 771 1996 multa
814 1944 1024 2009 tantoq.
1069 1955 1127 1994 se
1151 1940 1302 2010 ,ipsa
1347 1940 1562 1996 maiora
1592 1958 1649 1996 n.
1691 1957 1743 2009 q.
1776 1938 1851 1996 v]
1891 1940 1975 2008 16,
2012 1941 2063 1996 3.
2196 1939 2321 1998 Huo
2354 1941 2648 2011 praeterea

594 2036 904 2112 pertinent:
943 2053 1030 2106 ep.
1069 2036 1154 2106 75,
1198 2038 1282 2091 15.
1320 2052 1407 2106 ep.
1445 2039 1534 2102 80,
1571 2037 1623 2091 8.
1663 2053 1750 2106 ep.
1786 2037 1872 2104 85,
1918 2038 2004 2090 22.
2041 2052 2127 2107 ep.
2166 2037 2255 2106 89,
2290 2039 2377 2092 20.
2425 2054 2511 2108 ep.
2546 2037 2636 2106 90,

601 2136 682 2193 19.
721 2153 806 2206 ep.
841 2137 926 2206 90,
961 2136 1047 2191 28.
1083 2151 1171 2220 ορ.
1208 2136 1296 2206 95,
1336 2135 1418 2191 12.
1457 2151 1544 2205 ep.
1583 2135 1670 2202 95,
1705 2137 1789 2189 30.
1830 2133 1884 2188 d.
1932 2135 1986 2189 b.
2031 2133 2087 2188 11
2127 2135 2212 2200 17,
2261 2137 2311 2190 6.
2361 2133 2415 2189 d.
2459 2134 2515 2190 b.
2560 2133 2639 2190 Ἡ

597 2234 686 2302 23,
722 2233 774 2287 4.
811 2231 887 2286 di.
923 2232 950 2286 I
986 2234 1038 2297 4,
1081 2235 1166 2288 15.
1204 2231 1280 2286 di.
1313 2229 1391 2286 VI
1430 2233 1515 2300 18,
1553 2233 1603 2286 6.
1640 2231 1717 2287 di.
1752 2229 1859 2286 VII
1901 2231 1992 2301 26,
2033 2232 2082 2287 5.
2130 2229 2206 2285 di.
2240 2229 2321 2285 xl
2358 2229 2445 2299 11,
2482 2231 2533 2284 6.
2568 2229 2643 2284 di.

597 2329 678 2383 XI
719 2330 805 2397 12,
843 2331 893 2383 2.
933 2326 1007 2384 di.
1042 2327 1239 2385 X117.
1280 2330 1331 2384 9.
1368 2347 1422 2384 n.
1461 2349 1517 2400 q.
1565 2329 1593 2383 Ι
1629 2330 1681 2399 5,
1715 2331 1767 2383 2.
1812 2345 1868 2384 n.
1913 2346 1965 2399 q.
2014 2327 2096 2384 111
2139 2330 2225 2398 15,
2270 2325 2323 2381 8.
2356 2343 2414 2382 n.
2477 2342 2531 2395 q.
2565 2323 2643 2380 v1

595 2426 683 2493 30,
721 2425 773 2478 4.
807 2441 866 2479 n.
903 2442 956 2494 q.
995 2424 1099 2482 VII
1131 2427 1221 2492 32,
1257 2427 1309 2481 3.

649 2544 784 2612 Nee
824 2552 1036 2614 tamen
1078 2564 1332 2613 necesse
1383 2549 1482 2614 est
1534 2564 1783 2630 semper
1832 2537 2143 2628 rep'etitae
2191 2544 2450 2614 voculae
2489 2561 2643 2627 par·
2685 2576 2699 2583 ν

451 2654 716 2722 ticulam
763 2655 1036 2737 adnecti,
1077 2656 1442 2738 adiungitur
1482 2655 1589 2722 alii
1631 2656 1823 2722 verbo
1867 2673 1963 2739 ep.
2012 2656 2116 2739 91,
2154 2656 2194 2721 6
2242 2659 2646 2722 inbecillitati-9

450 2774 685 2830 nostrae
735 2770 1018 2831 solacimn
1055 2786 1367 2843 rerumque
1405 2773 1764 2830 nostrarum.
1869 2768 2065 2843 Atque
2126 2762 2253 2846 (aa)
2314 2766 2531 2829 autem
2574 2762 2641 2829 in

450 2871 806 2939 huiusmodi
849 2873 1193 2939 enuntiatis
1232 2890 1494 2954 perraro
1538 2872 1895 2939 admittitur
1940 2896 2167 2941 mmmm
2216 2862 2523 2955 diliyentia
2572 2896 2641 2939 aa

447 3004 675 3048 summa
722 2988 1042 3049 subtibitate
1082 3002 1178 3065 ep.
1226 2981 1328 3059 95,
1368 2982 1470 3047 61.
1514 2991 1637 3049 tam
1686 2988 1791 3047 diu
1838 3005 1909 3047 aa
1942 2992 2062 3047 tam
2113 2987 2371 3059 fideliter
2421 2982 2506 3049 di.
2549 2980 2643 3046 XI

449 3092 508 3169 8,
554 3093 626 3185 2..
655 3100 811 3158 idem
849 3100 945 3157 ius
981 3102 1156 3173 atque
1186 3096 1387 3157 eadem
1425 3100 1689 3171 potestas
1729 3091 1811 3157 di.
1856 3090 1979 3156 VII
2020 3092 2121 3172 26,
2165 3091 2226 3193 4.

646 3227 744 3293 Ea
777 3244 928 3292 vero
987 3226 1279 3308 exempla
1341 3226 1425 3292 ad
1480 3242 1645 3307 quae
1706 3244 1873 3293 nune
1922 3225 2352 3302 transibimus,
2410 3240 2642 3307 genere

452 3334 709 3417 quidem
751 3354 893 3403 eum
938 3334 1252 3418 prioribus
1310 3336 1725 3413 consentiunt,
1783 3333 1987 3418 specie
2031 3352 2155 3399 non
2198 3334 2367 3400 item.
2474 3332 2641 3399 Nam

444 3444 734 3527 repetitio
786 3444 899 3509 illa
938 3441 1071 3508 fere
1112 3444 1320 3525 posita
1361 3446 1506 3509 erat
1548 3443 1617 3507 in
1659 3446 1797 3509 arte
1837 3442 2167 3525 scribendi,
2235 3441 2393 3507 haec
2436 3441 2642 3507 oritur

450 3572 487 3619 e
524 3556 760 3619 natura
801 3556 870 3619 et
912 3551 1272 3619 condicione
1318 3553 1644 3618 notionum
1684 3571 1798 3635 per
1842 3574 1950 3635 que
1994 3551 2504 3634 compositarum.
2545 3552 2641 3616 Ac

445 3660 718 3743 primum
777 3659 1050 3739 quidem,
1102 3662 1177 3724 ut
1230 3676 1270 3722 a
1320 3657 1662 3725 rarioribus
1712 3656 2100 3741 incipiamus,
2157 3676 2235 3724 ea
2287 3658 2641 3725 indicentur

445 3768 513 3834 in
557 3767 784 3848 quibus
821 3764 898 3831 fit
931 3764 1227 3847 repetitio
1269 3765 1464 3845 verbi,
1513 3765 1692 3833 cuius
1734 3766 1984 3847 generis
2039 3764 2227 3848 plura
2270 3784 2465 3848 supra
2507 3767 2638 3833 iam

445 3876 754 3960 dedimus,
796 3876 1114 3943 addantur
1153 3874 1256 3940 hic
1295 3892 1504 3956 pauca
1531 3873 1690 3941 alia:

585 4045 695 4085 non
723 4026 894 4098 pudet
927 4026 1168 4083 homines
1192 4066 1206 4080 .
1231 4066 1246 4081 .
1268 4063 1281 4077 .
1311 4065 1326 4080 .
1363 4026 1502 4082 bolla
1536 4040 1715 4095 yet-ere
1750 4024 2037 4096 yerendaq.
2074 4025 2259 4081 liberis
2292 4026 2511 4082 tradere
2544 4043 2636 4097 ep.

587 4126 677 4195 95,
723 4122 810 4180 31.
1045 4121 1142 4193 qm·
1181 4122 1414 4179 viv-mes
1471 4122 1710 4179 alieuius
1746 4136 1917 4193 pares
1961 4122 2079 4177 antia
2121 4127 2273 4178 amat
2313 4122 2638 4193 amandasq.

587 4220 819 4278 invicem
846 4224 1101 4291 praestat
1135 4236 1221 4289 ep.
1267 4220 1385 4288 109,
1424 4220 1508 4273 10.
1706 4218 1989 4275 Βοηιαηιιε
2024 4234 2195 4275 amo
2228 4220 2409 4291 mages
2442 4234 2499 4276 ee
2532 4221 2641 4276 cir·

585 4317 872 4387 cumspieit
905 4322 956 4373 et
988 4316 1242 4372 aestimat
1269 4316 1548 4387 ψαῦσις.
1586 4315 1987 4373 aestimandum
2020 4330 2107 4386 ep.
2142 4318 2231 4387 40,
2270 4318 2353 4372 11.
2494 4332 2635 4388 qau—

585 4410 2031 4486 ᾱαηωεοίςαίᾶὺωαεῶηᾳείπυαάοηᾱός.αόὄω(ήο
2065 4412 2484 4484 Ηωμὶιιερτο
2519 4415 2633 4471 ali-
