3009 5000
1604 422 1691 489 54

687 619 757 674 cl.
793 620 821 674 Ι
852 622 936 687 11,
968 621 1019 674 4.
1058 638 1109 676 n.
1145 621 1269 691 q.11
1304 623 1390 694 26,
1433 626 1482 679 1.
1556 627 1733 680 ct-et
1766 639 1849 694 ep.
1891 625 2011 689 117,
2049 625 2135 680 29.
2174 640 2262 693 ep.
2302 623 2421 692 121,
2466 620 2553 678 23.
2590 623 2644 680 d.
2684 625 2747 680 b.

689 713 1076 780 V126,1.n.
1119 719 1541 787 q.Il4,4n.
1590 739 1646 791 q.
1692 721 1720 776 1
1772 723 1855 791 16,
1898 719 2746 791 7.(n.q.1154,2)n.q.11

687 812 772 882 58,
815 816 861 866 1.
899 830 955 869 n.
993 830 1044 884 q.
1082 813 1166 870 111
1201 818 1290 882 27,
1328 819 1375 872 7.
1415 835 1470 872 n.
1515 835 1568 888 q.
1605 816 1709 874 vn
1745 819 1834 886 20,
1873 819 1922 872 1.

745 908 987 986 Quibus
1031 909 1183 977 locis
1227 912 1516 980 omnibus
1556 912 1845 997 singulae
1886 913 2171 978 notiones
2214 910 2381 976 inter
2434 928 2505 978 se
2544 929 2747 995 oppo-

545 1021 802 1100 nuntur,
849 1022 990 1084 tota
1030 1021 1360 1087 enuntiata
1400 1039 1526 1087 uno
1567 1023 1703 1088 loco
1744 1023 1804 1088 d.
1848 1021 1909 1087 b.
1953 1021 2049 1086 111
2095 1021 2195 1104 26,
2238 1022 2277 1084 2
2320 1026 2475 1100 quod
2516 1025 2747 1096 factum

544 1132 722 1192 siml
762 1137 817 1192 et
857 1134 1040 1194 Maro
1044 1175 1164 1196 ......
1207 1139 1446 1208 notavit,
1488 1142 1545 1198 et
1584 1154 1789 1198 servus
1842 1139 1988 1214 eine,
2032 1137 2130 1198 cui
2176 1137 2555 1196 nectebamur
2594 1134 2745 1194 insi-

548 1241 703 1318 diae,
747 1243 802 1303 ei
841 1243 1003 1303 ebrio
1043 1244 1286 1304 anulum
1328 1245 1605 1304 eoetraoeit.

1561 1445 1738 1514 VIII.

745 1606 962 1672 Pauca
1015 1605 1378 1673 adnotanda
1441 1610 1592 1673 sunt
1654 1605 1733 1672 de
1796 1623 1916 1673 usu
1980 1605 2437 1689 particularum
2505 1630 2616 1688 que
2678 1609 2754 1672 et

547 1724 720 1796 atque
769 1702 1262 1796 compositarum
1323 1733 1465 1781 cum
1522 1714 2077 1782 coniunctionibus.
2174 1715 2525 1798 occupavit
2576 1715 2751 1781 enim

550 1821 686 1890 fere
784 1828 986 1890 totam
1086 1822 1248 1889 hanc
1327 1823 1713 1905 provinciam
1786 1823 2321 1892 adnectendamm
2406 1824 2757 1890 sententia-

548 1951 691 2000 rum
755 1952 796 1997 a
864 1931 1398 2000 coniunctionibus
1478 1932 1913 2015 incipientium
1974 1932 2293 2016 particula
2346 1942 2418 1999 ot.
2528 1934 2752 2016 Atque

549 2065 660 2123 que
694 2041 1114 2108 coniunctioni
1154 2065 1284 2108 cum
1327 2041 1579 2110 adiecta
1618 2047 1719 2110 est
1756 2060 1856 2124 ep.
1903 2041 2003 2122 70,
2047 2043 2125 2108 19
2166 2065 2287 2108 non
2324 2051 2412 2108 est
2457 2050 2615 2124 quod
2653 2050 2754 2110 iu-

549 2157 707 2217 dices
743 2157 850 2218 hoc
887 2156 1024 2228 fieri
1051 2157 1172 2218 nisi
1211 2176 1254 2218 a
1297 2155 1514 2220 Catone
1538 2173 1657 2218 non
1693 2174 1864 2232 posse
1868 2200 2021 2228 ........
2056 2174 2185 2217 cum
2211 2157 2527 2218 vilissimae
2564 2159 2754 2220 sortis

547 2267 802 2326 homines
826 2266 1054 2341 inqenti
1079 2267 1283 2339 inpetu
1307 2267 1374 2326 in
1403 2269 1596 2328 tutum
1614 2267 1921 2340 evaserint,
1959 2282 2250 2340 cumque
2277 2267 2568 2327 conmoodo
2594 2268 2755 2328 mori

550 2392 667 2436 non
711 2375 970 2436 licuisset
1008 2391 1116 2434 nec
1153 2375 1236 2433 ad
1275 2375 1592 2434 arbitrium
1630 2392 1801 2435 suum
1840 2376 2229 2434 commanente
2270 2376 2476 2435 mortis
2516 2377 2753 2452 eliyere,
2826 2433 2834 2440 .

552 2484 721 2545 obvia
748 2500 1007 2561 quaeque
1028 2487 1374 2557 rapacem.
1437 2474 1562 2543 Sed
1582 2476 1767 2545 nimis
1792 2475 2183 2559 ineleganter
2205 2475 2367 2544 hanc
2395 2477 2753 2545 orationem

554 2586 894 2671 procedere
923 2604 1109 2653 nemo
1132 2586 1252 2652 erit
1294 2587 1448 2668 quin
1475 2585 1726 2653 sentiat.
1791 2586 1993 2653 Recte
2034 2604 2188 2670 ergo
2217 2586 2300 2652 ad
2327 2587 2751 2655 mutationem

555 2695 907 2778 confugisse
954 2694 1267 2763 Haasium
1325 2694 1758 2763 iudicabimus.
1843 2694 2068 2763 Nescio
2121 2698 2338 2763 tamen
2392 2714 2478 2763 an
2530 2697 2753 2779 potius

554 2806 621 2872 in
663 2807 866 2871 altero
910 2823 1104 2886 quam
1148 2805 1212 2873 in
1254 2804 1465 2887 priore
1510 2828 1641 2871 m
1684 2804 1905 2871 vitium
1948 2803 2150 2871 latere
2189 2807 2505 2887 putemus.
2612 2804 2755 2871 Pri-

557 2933 732 2982 mum
775 2916 939 2983 enim
985 2916 1192 2997 ipsum
1253 2914 1504 2981 unicum
1556 2936 1796 2994 cumque
1852 2912 2159 2995 displicet,
2216 2918 2355 2979 tum
2408 2912 2584 2995 origo
2623 2916 2757 2983 lec-

555 3023 746 3091 tionis
799 3024 1028 3091 codicis
1078 3043 1121 3107 p
1173 3046 1413 3105 emaque
1473 3027 1827 3089 mammeae
1882 3019 2133 3090 facilius
2209 3021 2648 3106 explicabitur,
2699 3025 2753 3091 si

557 3132 706 3199 olim
753 3139 872 3213 qui
911 3156 1059 3199 cum
1099 3136 1441 3199 commodo
1481 3130 1789 3213 scriptum
1832 3128 2026 3195 fuisse
2066 3130 2412 3214 opinemur.

765 3239 994 3307 Tribus
1030 3240 1186 3307 locis
1230 3239 1464 3322 legitur
1504 3245 1859 3321 quodque,
1904 3238 2017 3304 sed
2056 3238 2149 3305 ita
2191 3244 2265 3305 ut
2298 3238 2753 3322 alterumquod

557 3347 930 3430 praecedat:
973 3356 1076 3417 mn·
1117 3354 1425 3431 indiqmom
1465 3352 1770 3413 videbatur
1809 3352 1966 3429 quod
1968 3396 2103 3415 .......
2132 3353 2340 3431 quodq.
2370 3348 2455 3417 di.
2479 3348 2544 3415 11
2590 3350 2645 3433 1,
2688 3352 2755 3416 3.

555 3464 748 3523 irams·
787 3464 942 3539 quod
943 3508 1059 3525 ......
1085 3464 1292 3539 quodq.
1334 3456 1418 3523 di.
1463 3456 1569 3523 III
1610 3457 1711 3535 20,
1756 3456 1814 3522 8.
1854 3462 2031 3523 malis
2070 3480 2177 3523 nos
2216 3462 2461 3536 mpucat
2498 3463 2655 3539 quod
2657 3506 2753 3524 .....

558 3574 763 3647 quodq.
803 3567 884 3634 di.
928 3567 1054 3633 VH
1101 3567 1156 3643 1,
1199 3567 1260 3631 3.
1323 3564 1381 3630 N
1385 3582 1466 3630 on
1486 3581 1637 3629 vero
1665 3564 2055 3646 repetitionis
2076 3566 2486 3632 excusatione
2513 3566 2753 3633 lenitur

559 3699 828 3757 quoque
866 3695 979 3759 pro
1017 3685 1071 3741 et
1112 3684 1180 3741 ut
1222 3697 1284 3741 eo
1323 3674 1568 3741 duobus
1609 3672 1763 3740 locis
1793 3673 2178 3741 adhibitumt
2217 3697 2382 3757 quoq.
2410 3681 2599 3755 mayis
2636 3683 2751 3741 mi-

557 3792 711 3851 reris
753 3802 848 3865 ep,
897 3786 992 3870 17,
1039 3785 1096 3851 7.
1141 3808 1310 3866 quoq.
1350 3789 1589 3861 facilius
1630 3789 1910 3863 obrepant
1950 3782 2032 3849 di.
2074 3782 2166 3849 VI
2207 3784 2307 3865 21,
2353 3783 2390 3848 7
2434 3787 2501 3849 et
2538 3792 2749 3865 utque

562 3940 701 3962 .......
719 3902 934 3975 ,oratus
975 3903 1075 3973 est,
1119 3898 1207 3959 ita
1244 3892 1326 3959 di.
1370 3891 1462 3958 VI
1506 3890 1606 3974 25,
1652 3891 1709 3955 2.

756 4001 1010 4069 Dictum
1052 4005 1154 4069 est
1198 4002 1278 4068 de
1327 4024 1456 4083 que,
1507 3997 1990 4083 progrediamur
2044 3999 2128 4066 ad
2176 4017 2391 4069 vocem
2431 4025 2503 4069 ac
2554 4006 2749 4085 atque
2802 4000 2809 4003 ’

559 4112 930 4194 incipiamus
955 4111 1035 4179 ab
1079 4111 1366 4195 exemplo
1409 4107 1577 4190 quod
1600 4109 1823 4176 datum
1846 4107 2117 4175 Senecae
2139 4107 2219 4174 ab
2240 4108 2475 4177 Haasio
2517 4109 2749 4177 iterum

563 4219 973 4289 auferendum
1019 4225 1134 4289 est.
1203 4220 1533 4301 Nusquam
1576 4218 1745 4286 enim
1784 4236 1935 4285 usus
1974 4223 2072 4285 est
2112 4218 2543 4285 coniunctione
2586 4220 2747 4285 tem-

564 4330 766 4415 porali
804 4338 1072 4407 mulae,
1129 4329 1240 4397 sed
1295 4327 1528 4409 ubique
1576 4327 1922 4409 simplicem
1971 4327 2238 4394 formam
2279 4334 2457 4395 simul
2508 4328 2753 4410 conspi-

563 4440 777 4521 cimuS,
818 4438 862 4504 i.
907 4457 962 4505 e.
1007 4458 1104 4521 ep.
1151 4436 1248 4519 76,
1289 4438 1390 4504 31.
1433 4436 1517 4504 di.
1560 4436 1654 4503 111
1694 4438 1750 4514 1,
1782 4438 1843 4504 5.
1888 4437 1970 4503 di.
2015 4436 2115 4503 III
2159 4437 2215 4514 1,
2256 4437 2313 4502 6.
2354 4436 2439 4505 di.
2482 4437 2536 4503 V
2562 4437 2665 4520 41,
2704 4438 2744 4501 3
