3009 5000
1492 359 1569 426 11

433 559 504 622 et
536 555 774 624 similes
816 556 1336 636 describentibus,
1379 560 1597 641 paucis
1626 562 1876 628 tantum
1902 557 2210 638 exemplis
2236 556 2353 628 illo.
2366 575 2627 624 munere

434 663 736 746 fungitur.
823 666 914 732 Ac
955 665 1230 750 primum
1271 666 1565 736 infinitivi
1604 667 1814 746 activi,
1860 683 2011 736 cum
2043 683 2159 748 per
2204 688 2313 746 quo
2338 667 2627 749 componi

437 779 772 858 nequeant,
817 775 1282 858 coniunguntur
1321 795 1452 858 per.
1481 801 1553 844 ac
1593 777 1697 845 his
1735 770 1917 844 locis:

572 899 886 957 ἄωοωᾱενσ
919 917 988 957 ac
1021 917 1240 973 sumere
1274 919 1362 973 ep.
1397 902 1485 972 36,
1526 903 1610 957 11.
1680 901 1913 958 suadere
1942 917 2013 956 ac
2048 897 2365 958 dissuadere
2398 915 2484 968 ep.
2531 898 2623 968 95,

575 998 658 1051 10.
704 995 946 1054 recedere
989 1015 1055 1054 ac
1091 1014 1371 1070 resurgere
1405 999 1511 1070 (sie
1545 998 1805 1069 Haasiun)
1838 1014 1893 1052 n.
1915 1014 1968 1067 q.
2000 995 2077 1052 VI
2114 997 2166 1065 ’1,
2201 998 2253 1052 ¹7.
2295 995 2522 1066 prod'u’e
2552 1011 2625 1056 ao

569 1091 814 1152 roseam
845 1093 901 1152 d.
940 1095 1012 1150 el.
1046 1092 1074 1148 1
1112 1097 1166 1160 8,
1201 1097 1256 1152 4.

625 1205 1081 1290 oppositorum
1123 1208 1464 1278 verborum
1503 1212 1720 1278 cetera
1760 1205 2053 1288 exempla
2090 1207 2244 1272 sunt
2282 1205 2474 1272 haec:

565 1317 806 1386 probaro
837 1333 906 1378 ac
931 1318 1166 1390 probae-i
1198 1334 1288 1389 ep.
1329 1319 1446 1377 109.
1488 1319 1575 1374 10.
1642 1316 1817 1373 nodos
1853 1315 2024 1372 nectis
2060 1330 2129 1374 ao
2172 1313 2334 1372 solvis
2368 1330 2455 1384 op.
2500 1312 2623 1376 117,

569 1413 656 1471 81.
727 1412 896 1472 nodos
924 1414 1186 1474 mimus
1207 1444 1276 1459 --
1296 1431 1365 1472 ac
1389 1413 1581 1471 deindo
1606 1412 1953 1470 dissolvimus
1972 1428 2061 1482 ep.
2083 1412 2171 1480 45,
2192 1412 2240 1466 5.
2315 1427 2453 1484 quae
2474 1411 2621 1468 ratio

564 1525 823 1586 ocsqmom
859 1507 1108 1578 effundat
1144 1526 1208 1568 ac
1246 1515 1447 1574 revocet
1481 1509 1537 1566 d.
1564 1511 1618 1565 b.
1650 1508 1754 1564 VII
1795 1511 1844 1578 1,
1869 1510 1919 1563 5.
1988 1508 2217 1580 sapiunt
2253 1525 2321 1564 ac
2356 1514 2617 1564 secuntur

565 1622 650 1675 ep.
679 1605 768 1676 24,
805 1605 890 1660 26.
989 1605 1159 1661 edunt
1205 1621 1272 1662 ac
1317 1605 1504 1662 bibunt
1551 1621 1637 1675 ep.
1676 1607 1761 1674 37,
1796 1605 1851 1659 2.
1948 1621 2015 1661 m:
2051 1621 2162 1674 qua
2186 1603 2518 1675 prodierunt
2554 1617 2621 1660 ac

565 1717 690 1757 mox
719 1718 1048 1772 processura
1081 1708 1213 1759 sunt
1249 1720 1335 1773 ep.
1374 1705 1462 1767 36,
1503 1704 1588 1758 10.
1694 1703 1857 1758 uerba
1892 1702 2111 1758 veniens
2152 1719 2220 1758 ac
2252 1701 2503 1758 recedens
2538 1699 2615 1758 di.

566 1796 669 1853 VII
702 1801 754 1866 4,
794 1801 842 1854 3.
1100 1798 1323 1856 &vendi
1354 1815 1422 1855 ae
1457 1797 1729 1855 movim&
1763 1798 1999 1855 seientia
2030 1797 2105 1853 di.
2146 1797 2197 1852 X
2240 1798 2321 1867 19,
2358 1799 2410 1854 2.
2481 1797 2616 1854 vici-

566 1897 666 1951 bus
696 1895 951 1952 mittendi
985 1909 1052 1952 ac
1085 1895 1397 1952 remittendi
1421 1895 1473 1950 (1.
1514 1896 1569 1950 b.
1608 1893 1661 1950 11
1698 1895 1785 1963 82,
1818 1895 1871 1950 4.
2075 1893 2295 1965 peritus
2325 1893 2614 1965 fugiendo·

559 1993 1159 2063 mnemon-dorum
1195 2010 1281 2063 ep.
1317 1995 1494 2060 mo.
1566 1989 2614 2064 ammones-wimaep.82,6.

444 2117 453 2120 -
560 2088 816 2158 facienda
849 2105 918 2148 ao
947 2089 1182 2148 vitanda
1215 2105 1305 2160 ep.
1342 2089 1719 2160 93480‘095,
1756 2090 1839 2144 13.
1904 2085 2247 2160 praestanda
2278 2102 2349 2144 ac
2380 2086 2615 2144 vitanda

561 2187 652 2250 95,
686 2187 776 2242 51.

625 2298 744 2366 His
783 2299 1094 2368 accedunt
1135 2299 1320 2384 pauci
1360 2300 1498 2379 loci,
1560 2297 1791 2382 quibus
1828 2298 2013 2383 apest
2054 2296 2363 2380 oppositio
2405 2296 2613 2365 notio-

421 2426 598 2490 num,
641 2425 802 2493 quos
845 2409 1094 2478 omitto.
1155 2407 1366 2478 Causa
1405 2413 1647 2486 autem,
1688 2427 1803 2476 cur
1843 2408 1961 2479 has
1982 2406 2272 2490 gerundii
2294 2410 2363 2476 et
2382 2423 2612 2493 gerun-

419 2518 550 2585 divi
597 2518 836 2587 formas
873 2518 1008 2587 fere
1049 2518 1300 2601 aequali
1351 2537 1615 2589 numero
1642 2538 1757 2601 per
1785 2541 1854 2585 ac
1882 2516 2302 2604 composuerit
2323 2515 2609 2599 scriptor,

351 2696 364 2703 .
420 2629 502 2697 iu·
543 2632 770 2711 aperto
829 2632 958 2710 eet,
1023 2630 1194 2698 inest
1247 2629 1416 2696 enim
1457 2629 1699 2712 aliquid
1740 2628 1986 2695 molesti
2032 2631 2101 2697 et
2140 2625 2425 2707 languidi
2466 2641 2612 2694 con·

399 2736 670 2809 ⁸lectioni
709 2756 948 2817 earum,
1015 2739 1183 2820 quod
1223 2742 1605 2807 extenuatur
1646 2736 2017 2821 interposito
2056 2758 2147 2803 ac.
2232 2734 2330 2801 De
2371 2758 2445 2801 ac
2489 2732 2611 2799 hoc

419 2852 760 2933 praeterea
801 2846 949 2914 addi
989 2852 1220 2929 potest,
1268 2848 1476 2915 minus
1520 2846 1603 2918 ad
1642 2845 1959 2929 participii
1984 2841 2450 2927 componendas
2478 2841 2610 2907 for-

421 2973 562 3025 mas
599 2973 795 3039 quam
835 2954 1126 3025 infinitivi
1167 2960 1234 3023 et
1273 2956 1596 3027 indicativi
1637 2958 1832 3037 atque
1858 2954 2234 3023 coniunctivi
2260 2952 2433 3021 modi
2460 2970 2605 3021 eam

375 3064 788 3145 -particulam
831 3064 1130 3132 adhiberi.
1194 3065 1358 3131 Nam
1398 3064 1737 3147 participia
1763 3062 2119 3145 praesentis
2142 3061 2330 3129 activi
2350 3064 2609 3142 praeter

414 3172 495 3241 di.
537 3172 658 3241 Vn
699 3173 764 3253 4,
801 3176 844 3239 3
883 3173 1351 3257 coniunguntur
1387 3158 1472 3243 (fi.
1516 3174 1581 3239 11
1631 3175 1731 3255 10,
1774 3174 1815 3238 3
1856 3172 1941 3243 di.
1982 3171 2079 3239 111
2126 3173 2184 3251 1,
2224 3170 2287 3235 4.
2327 3168 2387 3237 d.
2431 3169 2489 3234 b.
2516 3167 2607 3234 VI

415 3282 518 3361 24,
560 3282 616 3347 1.
661 3299 720 3347 n.
761 3299 822 3363 q.
865 3281 954 3347 IV
1006 3283 1103 3363 13,
1150 3283 1214 3363 1;
1267 3282 1515 3365 generis
1561 3282 1797 3366 passivi
1832 3299 1929 3363 ep.
1970 3282 2075 3361 26,
2116 3280 2158 3347 4
2200 3278 2281 3347 di.
2320 3278 2353 3346 I
2394 3279 2453 3361 2,
2502 3278 2601 3343 12.

413 3406 472 3455 n.
517 3406 579 3469 q.
624 3388 653 3453 I
699 3390 762 3473 5,
810 3390 864 3455 1.
916 3409 976 3459 n.
1019 3407 1080 3473 q.
1125 3390 1222 3459 ΙΙΙ
1267 3393 1365 3475 15,
1407 3392 1466 3457 5.
1513 3410 1577 3459 n.
1620 3409 1681 3475 q,
1723 3390 1813 3456 IV
1856 3391 1915 3469 2,
1974 3390 2032 3453 6.
2164 3385 2290 3455 Sed
2348 3384 2603 3452 omnino

411 3497 586 3563 casui
654 3496 820 3566 hanc
879 3498 1214 3567 raritatem
1275 3498 1679 3567 tribuendam
1744 3515 1883 3567 esse
1948 3514 2075 3563 non
2138 3514 2256 3579 ego
2317 3493 2601 3562 dixerim.

411 3603 804 3673 cumcuim
861 3608 1150 3689 gravitas
1205 3608 1521 3691 quaedam
1592 3607 1741 3675 insit
1779 3629 1849 3675 ao
1890 3604 2241 3687 particulae
2258 3654 2275 3688 ,
2341 3620 2598 3673 consen-

410 3717 670 3785 taneum
733 3720 835 3783 est
896 3717 988 3785 eis
1051 3716 1450 3801 potissimum
1507 3734 1650 3783 eam
1694 3715 2013 3796 interponi
2052 3714 2469 3801 temporibus,
2535 3712 2602 3780 in

407 3822 652 3907 quibus.
691 3822 878 3891 firma
934 3824 1380 3909 pronuntiandi
1441 3829 1511 3893 et
1572 3822 1887 3895 indicandi
1929 3824 2025 3891 vis
2041 3873 2059 3904 ,
2115 3840 2244 3905 qua
2289 3823 2599 3893 instructa

407 3936 560 3999 sunt
595 3935 807 4013 verba,
847 3934 1039 4018 plena
1079 3939 1146 4003 et
1181 3934 1523 4003 imminuta
1566 3938 1680 4001 eet.

617 4056 870 4126 Plenior
932 4066 1144 4127 autem
1197 4060 1403 4131 forma
1453 4069 1630 4141 atque
1670 4059 1876 4127 multo
1918 4058 2122 4127 rarior
2160 4060 2265 4129 est
2304 4073 2423 4125 nec
2462 4055 2595 4123 ullo

404 4165 544 4233 loco
599 4168 752 4235 talis
813 4169 1122 4251 oppositio
1187 4168 1525 4237 verborum
1582 4168 1993 4249 conspicitur,
2056 4167 2310 4249 qualem
2378 4163 2595 4249 priora

406 4276 694 4359 exempla
759 4276 1120 4347 ostendunt.
1223 4277 1390 4345 Nam
1452 4278 1521 4347 in
1582 4276 1899 4347 sententia
1954 4294 2123 4365 quae
2186 4275 2283 4345 bie
2322 4274 2595 4343 obcurrit

403 4390 560 4452 idm
615 4391 762 4453 velle
819 4396 992 4468 atque
1047 4392 1206 4457 idem
1261 4394 1416 4457 mlle
1466 4386 1592 4470 (ep.
1638 4388 1738 4455 20.
1780 4388 1821 4453 5
1864 4403 1965 4468 ep.
2012 4386 2155 4463 109,
2199 4382 2307 4467 16)
2346 4381 2589 4455 accedit
